2710 3750
121 131 142 192 6
441 123 600 188 omsnn’s
623 138 756 188 onemo
780 141 869 188 wne

170 308 274 368 editus
291 311 417 367 tantum
436 307 586 367 adversus
604 305 639 365 in
656 306 857 368 latitudinem
875 311 1003 388 petebat
1021 318 1175 390 quantum

169 404 231 467 loci
247 403 330 464 acies
345 409 498 464 instricta
514 411 664 481 occupare
684 410 815 482 poterat.
858 407 965 485 Atque
982 426 1021 467 ex
1039 415 1174 489 utraque

170 507 259 580 parte
272 501 381 561 lateris
396 500 535 561 deiectus
550 500 694 577 habebat,
710 507 742 561 et
759 502 793 561 in
806 502 946 563 frontem
960 504 1073 566 leniter
1088 507 1175 567 fasti-

122 627 149 659 ιο
171 605 263 678 gatus
277 597 431 677 paulatim
445 598 486 657 ad
499 597 666 676 planitiem
679 599 808 659 redibat.
851 601 903 660 Ab
922 607 1056 680 utroque
1074 603 1174 664 latere
1183 658 1213 696 m„

170 697 237 758 eius
258 696 347 756 collis
367 700 581 755 transversam
599 695 717 755 fossam
737 697 868 757 obduxit
885 698 1010 759 circiter
1024 719 1175 778 passuum
1204 738 1214 765 ι

171 792 471 872 quadringentorum
481 797 514 851 et
528 792 568 851 ari
582 797 737 853 extremas
750 794 851 854 fossas
863 796 994 856 castella
1007 797 1176 857 constituit
1200 848 1212 887 ι

171 891 276 969 ibique
297 895 456 950 tormenta
475 889 660 965 conlocavit,
680 909 720 951 ne
741 891 848 952 hostes
869 893 909 952 ab
929 892 1082 954 lateribus
1100 902 1177 972 prig-
1198 944 1213 983 Ἢ

170 992 283 1047 nantes
311 1005 384 1046 suos
412 986 636 1047 circumvenire
663 995 802 1066 possent.
848 990 919 1050 Hoc
943 990 1029 1051 facto
1053 992 1175 1052 duabus

123 1102 150 1150 15
170 1084 346 1162 legionibus
361 1091 439 1162 ques
454 1083 595 1161 proxime
615 1091 841 1164 conscripserat
858 1087 892 1146 in
913 1088 1025 1148 castris
1047 1087 1174 1162 relictis,

172 1182 309 1260 reliquas
321 1200 376 1241 sex
386 1181 526 1258 legiones
537 1200 594 1259 pro
605 1182 717 1242 castris
729 1182 763 1241 in
773 1183 838 1242 acie
850 1185 1025 1243 constituit.
1056 1185 1175 1245 Hostes

172 1279 247 1338 item
263 1297 335 1338 suas
350 1279 456 1357 copias
471 1297 510 1338 ex
524 1277 636 1338 castris
651 1280 779 1339 eductas
794 1284 1014 1340 instruxerant.

213 1396 358 1443 eximius:
377 1395 513 1453 excellens,
527 1394 654 1458 cyrenius.
714 1395 854 1444 idoneus:
873 1401 960 1456 aptus,
973 1397 1132 1446 commodae.

214 1479 325 1536 opinio,
334 1477 420 1540 sumu.
503 1503 505 1507 ·
715 1478 860 1535 deiectus,
873 1478 1016 1529 declivitas.

214 1561 401 1618 supersedeo.
414 1558 541 1608 abstineo.
716 1561 888 1620 fastigatus,
902 1561 1020 1612 adclivis.

214 1643 385 1701 periclitor:
404 1648 483 1701 teuto,
497 1643 624 1705 experior.
718 1646 851 1704 conloco,
860 1644 943 1705 pono.

1193 1234 1210 1273 ,1

214 1790 338 1865 Fiizoilp
358 1792 406 1848 tte
427 1808 530 1864 enemy
550 1788 639 1848 moire
659 1806 680 1847 u
701 1789 778 1848 dost
798 1797 827 1848 to
848 1807 929 1848 croac
948 1791 996 1848 tte
1015 1790 1136 1852 Accua.

1315 1882 1342 1925 ei

215 1903 252 1969 9.
283 1903 380 1963 Palus
395 1908 463 1962 erat
476 1910 540 1962 non
555 1909 669 1979 magna
681 1901 765 1962 inter
776 1908 917 1961 nostrum
932 1907 1028 1980 atque
1038 1903 1177 1964 hostium

167 2001 356 2062 exercitum.
399 2000 491 2059 Hanc
516 1999 543 2058 si
569 1998 670 2058 nostri
694 2003 865 2058 transirent
889 1998 996 2059 hostes
1021 2007 1179 2078 exspecta-

175 2100 260 2159 bant.
312 2097 445 2158 Interim
473 2095 592 2174 proelio
620 2095 759 2173 equestri
786 2095 878 2174 inter
894 2096 971 2155 duas
999 2097 1082 2157 acies
1110 2117 1178 2159 con·

176 2195 372 2255 tendebatur.
410 2192 475 2253 Ubi
490 2193 594 2252 neutri
609 2192 817 2252 transeundae
832 2192 899 2251 eius
914 2193 1036 2270 paludis
1051 2194 1178 2255 initium

140 2307 155 2354 5
177 2291 308 2365 faciunt,
327 2290 510 2350 secundiore
531 2288 673 2367 equitum
695 2287 813 2366 proelio
833 2289 950 2349 nostris
972 2291 1087 2352 Caesar
1105 2310 1178 2352 suos

176 2388 209 2447 in
224 2393 327 2448 castra
341 2386 474 2447 reduxit.
518 2387 637 2446 Hostes
651 2387 796 2464 protinus
810 2405 849 2446 ex
864 2405 900 2446 eo
914 2387 983 2448 loco
1003 2388 1044 2447 ed
1064 2387 1179 2448 flumen

177 2486 321 2545 Axonam
352 2484 588 2558 contenderunt,
621 2484 705 2562 quod
737 2503 805 2544 esse
834 2489 907 2562 post
937 2490 1047 2545 nostra
1078 2490 1179 2545 castra

177 2582 426 2642 demonstratum
445 2586 502 2640 est.
545 2580 671 2640 Partem
691 2588 817 2640 suarum
837 2581 999 2658 copiarum
1017 2582 1179 2640 traducere

177 2679 282 2739 conati
302 2683 384 2754 sunt,
397 2684 433 2738 ut
448 2675 612 2737 castellum
626 2676 677 2737 cui
691 2683 834 2754 praeerat
848 2678 882 2748 Q.
899 2676 1041 2737 Titurius
1056 2677 1179 2754 legatus

129 2805 157 2837 10
177 2780 393 2854 expugnarent
412 2780 603 2853 pontemque
622 2772 902 2849 interscinderent3
923 2773 952 2834 si
971 2773 1074 2834 minus
1093 2779 1181 2852 potu·

177 2873 287 2947 issent,
312 2877 349 2931 ut
376 2891 466 2948 agros
494 2872 664 2931 Remorum
691 2869 918 2948 popularentur
944 2877 1180 2948 commeatuque
1204 2942 1207 2950 Α

178 2975 302 3030 nostros
317 2969 527 3047 prohiberent.

220 3091 352 3148 initium,
362 3088 534 3150 principiam.
730 3087 888 3144 contendo,
902 3086 1017 3147 motare,
1032 3088 1054 3137 ⁷.
1145 3114 1156 3129 ι

220 3174 377 3229 secundus,
386 3170 537 3231 prosperus.
729 3182 877 3226 praesum,
887 3169 1038 3232 praefectus
1049 3185 1117 3230 sum,
1129 3170 1158 3226 a·

201 3275 206 3283 ⁴
221 3255 377 3313 protinus:
396 3253 495 3311 statim,
509 3249 643 3312 exemplo,
731 3250 923 3309 intereundo,
935 3251 1072 3313 abrumpo.
1175 3284 1179 3292 .

242 3372 245 3381 .
286 3340 398 3400 repente,
411 3334 506 3384 subito.
732 3333 1018 3393 commeatuucibuc,
1032 3332 1056 3383 ὅ.
