2710 3750
597 99 769 202 mereri.
1164 138 1204 204 27

97 316 100 320 “
154 329 293 389 adventu
306 331 340 386 et
353 322 462 386 Remis
481 341 552 385 cum
571 341 627 401 spe
646 321 841 382 defensionis
862 321 1004 382 studium
1025 340 1157 400 propug-

154 424 250 485 nandi
265 422 405 498 accessit,
418 410 609 482 et'hostibus
624 419 732 479 eadem
746 418 785 478 de
804 437 898 479 causa
916 437 988 497 spes
1009 420 1156 498 potiundi

154 520 264 600 oppidi
277 519 431 580 discessit
467 519 581 595 Itaque
597 517 758 597 paulisper
772 518 856 594 apud
873 517 1024 595 oppidum
1043 517 1156 577 morati
1198 534 1212 544 ·

155 636 307 695 agrosque
329 617 499 676 Remorum
521 614 712 693 depopulati,
730 613 875 673 omuibus
893 613 971 673 vicis
993 613 1157 673 aedificiis·

155 734 216 794 que
240 733 318 793 quos
343 714 429 773 adire
454 717 623 792 potuerant
648 710 792 786 incensis,
818 711 858 770 ad
885 717 989 770 castra
1013 710 1155 771 Caesaris
1181 738 1192 786 5

155 813 299 871 omnibus
328 810 426 889 copiis
455 810 683 869 contenderunt
714 814 746 867 et
778 808 817 867 ab
848 808 975 868 milibus
1007 826 1156 886 passuum

109 896 112 901 ’
155 910 260 968 minus
285 909 406 968 duobus
431 914 534 989 castra
557 911 746 983 posuerunt,
775 924 854 983 quae
878 911 989 980 castra,
1011 912 1047 965 ut
1069 906 1157 964 furno

155 1013 250 1083 atque
274 1006 400 1083 ignibus
425 1003 669 1080 significabatur,
693 1002 827 1081 amplius
852 1001 980 1063 milibus
1007 1021 1157 1082 passuum

155 1110 227 1164 octo
247 1103 282 1162 in
301 1101 503 1161 latitudinem
523 1100 681 1179 patebant.

196 1192 231 1265 8.
261 1201 375 1261 Caesar
392 1198 492 1276 primo
509 1204 541 1257 et
560 1202 688 1274 propter
707 1195 943 1257 multitudinem
963 1197 1102 1257 hostium
1121 1204 1154 1258 et
1182 1227 1208 1258 ιο

156 1302 285 1376 propter
303 1296 450 1355 eximiam
470 1294 647 1372 opinionem
665 1293 794 1354 virtutis
814 1294 933 1372 proelio
954 1296 1157 1372 supersedere

157 1397 288 1473 statuit3
316 1394 431 1454 cotidie
452 1399 559 1453 tamen
579 1393 778 1471 equestribus
802 1391 931 1470 proeliis
954 1392 1030 1470 quid
1054 1393 1156 1453 hostis

104 1529 110 1543 ·
156 1494 276 1575 virtute
303 1497 411 1571 posset
438 1497 471 1550 et
498 1490 574 1568 quid
602 1489 704 1549 nostri
729 1491 882 1550 auderent
909 1490 1154 1568 periclitabatur.

157 1589 223 1651 Ubi
241 1595 365 1649 nostros
384 1608 448 1648 nou
469 1607 536 1648 esse
555 1587 722 1648 inferiores
741 1587 909 1663 intellexit,
927 1587 995 1647 loco
1016 1606 1073 1666 pro
1094 1606 1157 1647 cas·

156 1693 215 1753 tris
231 1694 270 1753 ad
284 1692 382 1753 aciem
396 1692 611 1751 instruendam
623 1695 736 1750 natura
750 1695 925 1767 opportuno
935 1696 1030 1767 atque
1045 1689 1156 1750 idoneo
1180 1717 1205 1765 15

156 1791 292 1869 -quod
312 1791 339 1851 is
361 1790 459 1865 collis,
482 1790 535 1849 ubi
557 1794 661 1849 castra
684 1789 789 1866 posita
809 1794 906 1863 erant,
929 1789 1091 1867 paululum
1117 1808 1156 1848 ex

118 1922 123 1930 ·
158 1888 290 1968 planitie
312 1888 417 1949 editus
440 1893 564 1947 tantum
586 1887 734 1946 adversus
753 1885 787 1944 iu
805 1885 1006 1946 latitudinem
1028 1887 1156 1964 patebat

157 1997 310 2070 quantum
326 1990 388 2050 loci
404 1988 487 2050 acies
506 1988 661 2049 instructa
679 2008 830 2067 occupare
850 1994 983 2068 poterat,
1002 1995 1096 2066 atque
1117 2008 1156 2049 ex

157 2098 291 2168 utraque
317 2095 407 2168 parte
434 2089 543 2148 lateris
571 2089 711 2148 deiectus
739 2088 874 2149 habebat
902 2094 934 2148 et
961 2088 995 2146 in
1019 2088 1156 2147 frontem

157 2187 272 2247 leniter
296 2186 466 2263 fastigatus
490 2184 644 2263 paulatim
672 2186 712 2245 ad
740 2185 906 2263 planitiem
934 2185 1157 2244 redibat-ab
1179 2215 1207 2245 20

156 2295 290 2367 utroque
312 2287 413 2347 latere
437 2287 504 2346 eius
528 2286 618 2346 collis
645 2292 857 2347 transversam
881 2289 1000 2347 fossam
1024 2287 1157 2347 obduxit

157 2388 283 2447 circiter
305 2407 453 2465 passuum
476 2387 775 2464 quadringentorum
800 2391 832 2445 et
856 2387 897 2445 ad
920 2392 1075 2447 extremas
1097 2386 1158 2446 fos·

158 2504 209 2545 sas
237 2486 367 2545 castella
390 2484 556 2545 constituit
583 2485 689 2562 ibique
716 2489 875 2545 tormenta
901 2485 1083 2557 conlocavit,
1107 2504 1155 2558 ne,

157 2602 228 2642 cum
256 2584 354 2643 aciem
382 2582 594 2656 instruxisset,
616 2581 733 2657 hostes,
755 2583 839 2660 quod
866 2587 989 2643 tantum
1017 2582 1157 2641 multitu·

157 2680 230 2740 dine
247 2686 402 2759 poterant,
417 2681 457 2741 ab
473 2680 624 2740 lateribus
644 2688 820 2758 pugnantes
840 2698 912 2740 suos
931 2678 1156 2739 circumvenire
1179 2706 1205 2754 25

158 2783 295 2855 possent.
348 2778 418 2838 Hoc
445 2778 532 2838 facto
559 2778 679 2838 duabus
706 2778 881 2854 legionibus
910 2796 987 2855 quas
1016 2777 1156 2855 proxime

157 2874 385 2953 conscripserat
409 2874 443 2934 in
467 2874 580 2935 eastris
604 2876 733 2948 relictis,
755 2879 800 2947 ut,
823 2874 851 2933 si
876 2893 937 2951 quo
962 2892 1039 2950 opus
1063 2879 1155 2946 esset,

158 2971 298 3032 subsidio
319 2972 391 3032 duci
411 2977 550 3050 possent,
571 2972 708 3048 reliquas
730 2990 785 3030 sex
807 2971 944 3046 legiones
967 2988 1023 3047 pro
1044 2960 1164 3029 castris

26 3066 42 3077 '
158 3067 191 3125 in
212 3068 277 3127 acie
298 3069 473 3129 constituit.
516 3070 635 3128 Hostes
656 3068 733 3127 item
755 3086 827 3128 suas
852 3067 957 3145 copias
982 3085 1021 3127 ex
1045 3067 1156 3127 castris
1183 3076 1189 3084 ’

157 3165 284 3225 eductas
300 3165 525 3226 instruxerant.
1180 3193 1208 3239 30

197 3262 232 3327 9.
258 3262 355 3322 Palus
369 3268 437 3323 erat
452 3282 515 3322 non
529 3282 642 3340 magna
654 3261 738 3323 inter
751 3269 895 3323 nostrum
909 3266 1003 3340 atque
1018 3261 1157 3322 hostium

157 3358 337 3419 exereitum.
387 3360 480 3421 Hanc
501 3359 529 3420 si
551 3360 653 3421 nostri
673 3359 845 3420 transirent
869 3359 976 3420 hostes
1001 3365 1159 3438 exspecta-
