2710 3750
639 170 738 221 BOOK
759 171 799 220 11.

343 391 382 432 ur
402 373 503 432 leam
523 373 570 432 the
590 374 718 433 number
737 376 776 450 of
790 376 838 434 the
858 377 987 452 eaemy'c
1001 378 1114 452 forces.

232 492 267 558 4.
297 494 376 554 Cum
392 494 431 554 ab
448 493 498 554 his
517 500 681 572 quaereret
696 513 775 573 quae
790 496 934 556 civitutes
950 501 1147 575 quantaeque
1161 496 1196 556 in

190 590 285 650 armis
309 596 415 650 essent
439 591 574 668 etquid
598 591 630 650 in
656 591 740 652 bello
764 598 902 671 possent,
928 598 972 653 sic
1000 593 1194 671 reperiebat:

94 738 99 747 .
190 687 330 765 plerique
352 688 467 767 Belgae
488 694 563 748 sunt
584 688 646 748 orti
667 690 707 749 ab
728 689 894 750 Germunis
909 683 1124 769 Rhenumque
1143 709 1196 750 an-

190 784 324 862 tiquitus
346 785 484 845 truducti
503 785 548 845 ibi
567 786 781 861 oensederunt,
799 787 970 865 Gallesque
992 786 1048 864 qui
1069 805 1107 847 ea
1125 786 1196 848 loca

192 881 372 941 incolebant
386 853 694 961 expuleruntsSeli
712 882 840 943 fuerunt
858 883 913 960 qui
934 885 1092 943 Teutonos
1115 884 1195 944 Cim·
1216 892 1231 940 5

192 968 327 1056 bresqne
348 978 433 1038 intra
452 979 534 1038 fines
554 997 628 1041 suos
648 979 771 1056 ingredi
791 980 1027 1058 prohibuerunt.
1069 981 1138 1051 Qua
1155 999 1195 1040 ex

193 1093 226 1133 re
241 1075 340 1134 fiebat
354 1081 391 1134 ut
401 1083 547 1153 mugnam
557 1075 619 1136 sibi
628 1077 850 1155 aucteritutem
861 1085 1052 1155 megnusque
1063 1078 1194 1156 spiritus

192 1173 226 1231 in
250 1192 283 1232 re
308 1172 439 1232 milituri
464 1179 630 1232 sumerent.
673 1174 722 1234 De
746 1193 875 1234 numero
901 1181 1008 1235 eurum
1031 1175 1137 1235 omnia
1160 1194 1194 1236 so

191 1269 304 1329 habere
319 1270 482 1349 explereta
495 1271 588 1329 Remi
602 1271 753 1331 dicebant.
797 1272 952 1342 Quantam
970 1272 1103 1351 quisque
1118 1273 1195 1332 urul-

191 1367 359 1426 titudinem
370 1369 404 1426 in
414 1369 570 1428 communi
581 1369 749 1446 Belgurum
761 1370 892 1430 concilio
904 1371 944 1429 ad
956 1370 988 1428 id
1002 1369 1120 1429 bellurn
1131 1371 1194 1449 pol·
1218 1393 1246 1426 ιο

192 1464 299 1523 licitus
314 1471 397 1525 esset
411 1472 632 1543 cugneverant.
673 1467 848 1526 Plurimum
863 1467 1012 1527 intereos
1032 1467 1194 1528 Bellovaci

193 1571 225 1622 et
247 1564 365 1623 virtute
387 1570 419 1624 et
440 1566 628 1625 aucteritute
650 1570 682 1624 ct
702 1565 864 1623 hominum
886 1584 1015 1624 numero
1036 1564 1192 1639 valebant.

191 1660 237 1719 Hi
252 1668 397 1739 poterant
408 1662 558 1722 cunficere
573 1668 695 1722 armeta
708 1662 795 1721 milia
805 1667 948 1738 centum3
969 1661 1103 1739 polliciti
1119 1667 1194 1721 sunt

191 1778 231 1819 ex
250 1778 286 1819 eo
305 1779 434 1820 numero
451 1748 551 1821 electa
570 1760 736 1837 sexuginta
753 1764 913 1836 tutiusque
930 1756 1008 1818 belli
1027 1758 1194 1836 imperium

115 1872 120 1879 ·
191 1858 252 1917 sibi
273 1859 484 1936 postulubant.
536 1857 719 1918 Suessienes
743 1857 912 1917 Remorum
934 1861 1025 1915 erant
1043 1856 1192 1931 finitimi;
1217 1874 1244 1922 15

191 1955 362 2016 tutissimos
381 1956 654 2034 ferecissimesque
670 1972 760 2032 agros
777 1953 988 2032 possidebant.
1030 1951 1126 2031 Apud
1140 1972 1193 2012 eos

191 2053 255 2113 fuit
273 2060 328 2114 rex
346 2060 456 2115 nostra
474 2053 568 2114 etiam
587 2052 737 2112 memoria
753 2051 940 2123 Divitiacus,
956 2055 1054 2109 tutius
1071 2049 1194 2110 Galliae

190 2152 437 2228 potentissimua
461 2151 606 2230 quicum
628 2157 758 2226 mugnae
779 2147 879 2226 partis
900 2143 1012 2207 hurum
1031 2146 1193 2224 regienum

190 2254 259 2306 tum
274 2248 370 2308 etiam
383 2248 566 2308 Britanniae
578 2246 747 2325 imperium
763 2244 909 2304 obtinuit.
948 2244 1042 2304 Nunc
1056 2248 1123 2303 erat
1138 2249 1193 2302 rex

192 2344 309 2421 Galba3
331 2346 371 2404 ad
391 2345 475 2404 hunc
495 2349 625 2421 propter
645 2342 802 2402 iustitiam
822 2340 1083 2420 prudentiamque
1104 2357 1193 2400 suam
1215 2368 1245 2400 ω

192 2441 266 2501 belli
281 2459 402 2501 summa
416 2440 521 2500 deleta
534 2444 592 2499 est.

257 2571 378 2616 quaero,
391 2557 533 2617 interrogo.
755 2557 890 2614 expleto,
904 2554 1039 2616 cuonem.

254 2641 378 2699 reperio,
392 2638 528 2700 cequesco.
752 2640 847 2698 vulno,
856 2651 974 2699 possum.

254 2725 345 2781 orior,
361 2722 463 2772 rruscor.
753 2721 890 2781 conficto,
904 2733 1036 2781 comparo.

255 2806 388 2864 censido,
402 2819 443 2855 mc
454 2805 561 2854 colloco.
755 2803 851 2862 ferax,
860 2802 969 2865 fertilia

255 2889 393 2946 spir-ltus:
413 2887 581 2950 curarentur,
595 2886 689 2937 animi.
754 2899 887 2934 summu:
906 2884 980 2944 euru,
994 2884 1143 2946 imperium.

203 3033 254 3093 He
270 3035 354 3092 takes
370 3034 506 3111 hosthes
512 3035 599 3109 from
616 3033 663 3091 tle
680 3031 773 3093 Remi
788 3033 853 3091 aad
868 3049 980 3090 moscus
996 3031 1044 3089 the
1057 3029 1177 3089 Acone.

230 3153 265 3220 5.
294 3155 408 3215 Caesar
421 3174 545 3214 ornnem
562 3159 707 3214 senutnm
721 3154 761 3214 ad
778 3158 990 3213 reconvenire
1006 3151 1193 3230 principum·

190 3270 251 3329 que
264 3250 378 3312 liberos
389 3251 513 3310 obsides
524 3252 564 3310 ad
575 3269 608 3310 se
619 3250 732 3312 adduci
744 3250 846 3310 iussit.
883 3250 968 3320 Quae
979 3248 1084 3309 omnia
1093 3250 1133 3309 ab
1143 3248 1191 3308 his

6 3406 12 3419 ,
85 3395 90 3404 .
190 3348 356 3426 diligenter
370 3348 410 3408 ad
428 3347 510 3407 diem
526 3348 610 3409 facta
624 3353 707 3407 sunt.
750 3347 824 3420 Ipse
838 3346 1033 3407 Divitiacum
1046 3345 1191 3405 Aeduum
