2710 3750
142 125 186 189 84
269 158 273 167 ν
499 137 530 183 0.
554 135 633 183 rum
655 135 832 182 cassurus

193 301 262 362 fieri
276 306 436 380 oporteret
451 321 512 361 non
527 301 631 360 minus
646 301 805 361 commode
825 302 887 381 ipsi
906 302 968 362 sibi
986 303 1195 381 praescribere

194 418 288 477 quam
307 398 346 458 ab
366 398 437 457 aliis
457 398 559 457 doceri
581 403 744 476 poterant3
766 406 799 458 et
818 400 902 476 quod
922 400 961 459 ab
979 419 1071 478 opere
1093 400 1196 478 singu-

193 497 296 574 lisque
317 494 492 572 legionibus
514 494 655 571 singulos
676 493 795 572 legatos
818 498 932 556 Caesar
953 497 1111 557 discedere
1133 500 1196 559 nisi

193 592 325 651 munitis
340 591 451 653 castris
466 597 618 650 vetuerat.
662 590 709 650 Hi
727 598 856 671 propter
875 593 1144 673 propinquitatem
1164 604 1196 658 et

158 719 169 768 5
193 689 387 750 celeritatem
402 688 542 747 hostium
556 688 637 746 nihil
651 689 714 749 iarn
730 689 872 750 Caesaris
890 690 1057 770 imperium
1073 713 1196 774 exspec-

194 787 312 860 tabant,
328 786 384 845 sed
398 804 454 862 per
468 804 501 844 se
516 804 595 862 quae
610 785 798 845 videbantur
812 788 1083 852 administrabant.

236 882 289 948 21.
318 882 432 943 Caesar
448 882 632 942 necessariis
648 884 739 943 rebus
754 883 917 962 imperatis
934 888 974 947 ad
988 888 1195 951 cohortandos

194 983 312 1042 milites
337 1000 431 1059 quam
456 980 490 1038 in
514 987 636 1060 partem
660 983 727 1043 fors
752 984 867 1044 obtulit
890 985 1068 1047 decucurrit
1095 994 1128 1049 et
1155 989 1196 1049 ad

194 1083 350 1159 legionem
378 1081 531 1141 decimam
556 1083 692 1143 devenit.
736 1083 857 1144 Milites
881 1102 945 1142 non
968 1084 1108 1161 longiore
1132 1105 1197 1146 ora·

147 1205 174 1237 ιο
195 1181 280 1240 tione
295 1179 476 1239 cohortatus
494 1199 588 1257 quam
608 1181 657 1240 uti
678 1199 753 1240 suae
773 1180 924 1260 pristinae
940 1181 1069 1241 virtutis
1084 1202 1196 1242 memo·

195 1277 273 1338 riam
299 1277 470 1336 retinerent
496 1296 556 1335 neu
582 1278 839 1355 perturbarentur
862 1278 967 1337 animo
994 1278 1195 1358 hostiumque

195 1377 348 1455 impetum
370 1377 498 1436 fortiter
520 1376 722 1450 sustinerent,
745 1376 829 1453 quod
853 1394 916 1434 non
939 1375 1064 1453 longius
1088 1376 1195 1437 hostes

195 1475 325 1534 aberant
339 1492 433 1551 quam
448 1492 510 1551 quo
524 1472 623 1532 telum
637 1471 718 1532 adici
733 1476 847 1551 posset,
863 1471 963 1549 proeli
978 1473 1196 1533 committendi

196 1573 320 1649 signum
335 1572 431 1631 dedit.
470 1570 575 1648 Atque
590 1570 624 1629 in
638 1570 770 1629 alteram
784 1574 906 1646 partem
921 1568 998 1629 item
1012 1569 1196 1630 cohortandi

148 1695 173 1744 ις
196 1687 289 1729 causa
310 1669 470 1747 profectus
496 1667 708 1745 pugnantibus
732 1666 876 1725 occurrit.
919 1667 1082 1744 Temporis
1106 1673 1198 1727 tanta

197 1768 259 1829 fuit
280 1767 437 1844 exiguitas
459 1764 659 1842 hostiumque
681 1769 746 1823 tam
768 1769 896 1841 paratus
921 1763 962 1822 ad
985 1762 1197 1823 dimicandum

197 1867 327 1938 animus,
352 1870 389 1924 ut
416 1882 481 1922 non
504 1862 595 1921 modo
620 1861 660 1921 ad
684 1860 822 1938 insignia
845 1860 1117 1935 adcommodanda,
1142 1862 1197 1920 sed

197 1964 292 2023 etiam
317 1963 357 2022 ad
382 1961 487 2039 galeas
512 1958 687 2018 induendas
713 1958 873 2036 scutisque
898 1956 1072 2033 tegimenta
1095 1958 1198 2017 detru-

197 2060 299 2121 denda
312 2065 436 2136 tempus
451 2055 598 2123 defuerit.
641 2055 740 2126 Quam
755 2054 888 2133 quisque
905 2055 945 2115 ab
962 2071 1055 2131 opere
1076 2053 1111 2113 in
1131 2074 1199 2133 par-

147 2186 176 2217 20
197 2163 262 2217 tem
289 2175 362 2217 casu
390 2153 518 2215 devenit
543 2170 684 2230 quaeque
712 2151 814 2228 prima
841 2151 932 2228 signa
959 2151 1132 2230 conspexit,
1158 2153 1198 2212 ad

197 2254 273 2314 haec
296 2252 447 2327 constitit,
471 2270 511 2311 ne
532 2251 567 2310 in
589 2247 776 2328 quaerendis
798 2247 864 2308 suis
886 2248 1048 2326 pugnandi
1071 2254 1197 2328 tempus

198 2351 380 2411 dimitteret.

239 2446 296 2512 22.
324 2448 485 2505 Instructo
500 2445 640 2505 exercitu
655 2444 754 2521 magis
777 2449 812 2503 ut
832 2443 893 2503 loci
915 2448 1028 2504 natura
1049 2444 1200 2505 deiectus·

198 2564 259 2624 que
283 2544 372 2605 collis
394 2548 427 2602 et
447 2543 618 2602 necessitas
639 2542 790 2620 temporis
813 2559 906 2618 quam
927 2545 963 2599 ut
984 2540 1030 2600 rei
1050 2541 1198 2600 militaris

147 2665 174 2713 ²5
198 2642 279 2702 ratio
293 2647 387 2719 atque
402 2641 477 2699 crdo
491 2640 680 2717 postulabat,
693 2658 763 2698 curn
778 2638 913 2698 diversis
928 2637 1104 2714 legionibus
1119 2638 1199 2698 aliae

198 2738 262 2799 alia
285 2738 317 2797 in
342 2743 430 2816 parte
456 2736 598 2795 hostibus
625 2735 817 2807 resisterent,
844 2734 1051 2812 saepibusque
1079 2734 1199 2794 densis-

199 2835 296 2910 simis,
325 2839 361 2893 ut
389 2838 462 2893 ante
491 2831 783 2904 demonstravimus,
812 2830 988 2890 interiectis
1015 2838 1200 2908 prospectus

198 2931 413 3010 impediretur,
429 2948 531 3006 neque
552 2934 637 2987 certa
658 2927 799 2987 subsidia
819 2927 982 3001 conlocari,
1000 2946 1102 3006 neque
1123 2929 1201 3005 quid

198 3029 232 3089 in
256 3046 379 3107 quaque
407 3032 498 3105 parte
525 3044 603 3102 opus
632 3029 715 3084 esset
744 3023 911 3102 provideri,
940 3043 1043 3100 neque
1072 3025 1112 3084 ab
1138 3045 1200 3085 uno

148 3149 176 3197 30
198 3126 305 3187 omnia
324 3125 457 3203 imperia
477 3121 690 3182 administrari
714 3126 871 3199 poterant.
918 3120 1033 3198 Itaque
1057 3121 1091 3181 in
1113 3130 1202 3183 tanta

198 3242 303 3283 rerum
326 3221 505 3301 iniquitate,
519 3220 667 3280 fortunae
692 3237 815 3297 quoqne
839 3223 972 3280 eventus
994 3219 1076 3279 varii
1097 3237 1202 3298 seque-

197 3320 320 3382 bantur.
