2710 3750
593 141 695 215 ‘Boou
716 168 755 214 11.

231 372 292 429 The
312 371 465 431 Bellouaci
485 372 549 430 also
570 372 681 429 submit
701 379 735 429 ct
755 368 886 431 Ooesur's
906 370 1067 446 approach.

187 490 240 556 13.
270 492 384 573 Caesar
406 492 566 552 obsidibus
592 491 728 569 acceptis
755 498 911 570 armisque
938 490 1082 552 omnibus
1108 509 1150 551 ex

146 589 262 666 oppido
286 589 413 665 treditis
438 589 472 648 in
496 588 687 649 deditieuem
714 589 897 649 Suessienes
922 589 1042 667 accepit
1065 607 1150 649 exer-

146 686 306 763 citumque
320 686 355 744 in
367 685 551 746 Bellovacos
565 685 665 745 dexit.
704 685 765 756 Qui
779 705 850 746 cum
864 705 897 746 se
912 704 1031 763 suaque
1045 686 1151 745 omnia

146 782 180 840 in
208 783 359 859 oppidum
386 783 648 860 Bratuspantium
676 783 893 857 contulissent,
923 789 1018 860 atque
1046 784 1086 843 ab
1113 801 1150 843 eo

146 880 262 957 oppido
282 881 396 941 Caesar
414 899 484 941 cum
501 881 642 940 exercitu
661 881 786 941 circiter
799 882 887 941 milia
900 900 1050 959 passuum
1063 886 1151 958 quin·
1172 893 1187 940 5

147 997 207 1058 que
221 977 353 1052 abesset,
365 996 472 1036 omnes
488 977 621 1037 meieres
636 983 713 1037 netu
728 997 767 1037 ex
778 979 893 1056 oppido
907 978 1024 1054 egressi
1039 996 1150 1037 manus

147 1075 187 1133 ad
202 1074 365 1134 Caesarem
379 1074 507 1133 tendere
521 1079 554 1134 et
568 1081 643 1135 vece
657 1075 833 1152 sIgnificerc
848 1080 1017 1154 coeperunt
1033 1081 1102 1135 sese
1116 1075 1151 1134 iu

147 1172 214 1232 eius
232 1171 327 1231 fidem
341 1179 377 1231 ec
392 1177 580 1250 potestetem
596 1179 709 1232 venire.
752 1173 844 1247 Item,
860 1191 932 1233 cum
945 1172 986 1232 ad
999 1172 1151 1250 oppidum

146 1268 337 1343 accessisset,
359 1269 450 1346 pueri
472 1269 680 1347 mulieresque
701 1289 740 1329 ex
763 1277 852 1330 merc
876 1269 979 1349 passis
1006 1269 1150 1329 manibus

147 1383 204 1425 suo
219 1373 304 1426 merc
319 1374 427 1444 peccm
442 1367 481 1426 ab
495 1366 647 1427 Remenis
662 1367 830 1445 petierunt.
1174 1388 1203 1422 ιο

247 1483 353 1531 tredc:
372 1482 415 1541 dc,
428 1482 501 1532 dede.
798 1483 893 1541 pueri,
907 1482 993 1532 liberi.

247 1578 295 1613 me
306 1567 444 1614 censer-c:
463 1579 504 1615 me
515 1566 621 1627 recipio,
635 1579 674 1615 eo.
797 1567 909 1624 pando,
922 1565 1009 1614 tendo.

246 1649 392 1708 egredior.
406 1660 475 1696 ecco.
798 1651 873 1706 mes,
887 1647 1057 1698 cemueledo.

246 1731 339 1790 coepi,
353 1730 446 1792 incepi.
798 1735 877 1790 peto,
893 1731 948 1780 erc.

258 1901 429 1959 Diviciacus
444 1899 554 1973 plaude
573 1898 722 1972 caracally
736 1898 793 1973 sor
812 1897 860 1955 tlte
880 1896 1040 1957 Bellovaci.

188 2020 242 2086 14.
271 2022 333 2080 Pro
353 2021 401 2079 his
425 2020 602 2080 Divitiacus
625 2019 702 2079 facit
724 2020 834 2079 verba:
858 2020 1044 2085 “Bellovaci
1065 2020 1151 2080 omni

146 2124 287 2195 tempure
305 2118 338 2176 in
355 2118 416 2176 fide
435 2123 530 2194 atque
550 2117 689 2176 amicitia
707 2116 847 2176 civitatis
861 2116 990 2177 Aeduae
1004 2119 1150 2178 fuerunt:

147 2216 277 2292 impulsi
297 2235 316 2275 a
337 2215 401 2274 suis
424 2213 625 2291 principibus,
652 2215 706 2290 qui
729 2216 873 2274 dicebant
893 2214 1020 2275 Aeduos
1043 2235 1151 2275 omnes

147 2313 352 2388 indIgnitetes
375 2312 642 2389 contumeliasque
664 2312 811 2388 perferre,
832 2313 872 2372 ab
892 2313 1012 2372 Aeduis
1034 2313 1153 2373 defece·

148 2416 222 2469 runt
241 2415 274 2469 et
293 2410 407 2486 populo
427 2410 569 2469 Berueno
589 2409 705 2468 bellum
727 2408 911 2468 intulerunt.
955 2410 985 2468 Ii
1007 2410 1062 2487 qui
1083 2411 1150 2470 eius
1173 2433 1187 2480 5

147 2506 260 2566 censili
290 2506 446 2584 principes
477 2507 607 2565 fuerunt
638 2506 672 2564 in
707 2506 905 2565 Britanniam
936 2508 1149 2584 prefigerunt.

147 2605 266 2664 Petunt
281 2612 343 2664 nen
358 2604 458 2663 selum
474 2602 635 2664 Bellovaci
649 2604 705 2663 sed
722 2603 818 2669 etiam
840 2622 897 2681 pro
918 2603 967 2663 his
988 2605 1093 2663 Aedui
1113 2612 1151 2664 ut

146 2706 203 2761 tua
223 2701 390 2761 clementia
410 2709 446 2761 ec
467 2694 707 2761 mansuetudine
730 2701 765 2759 in
785 2719 838 2760 eos
861 2701 968 2760 eteris
1012 2702 1102 2771 Quod
1122 2703 1149 2761 si

146 2799 268 2869 feceris,
284 2800 462 2858 Aeduerum
480 2798 700 2858 aucteritetem
720 2799 805 2875 apud
825 2816 932 2857 omnes
954 2798 1068 2874 Belgas
1090 2818 1151 2858 am·

146 2895 310 2972 plilicebis,
335 2904 467 2973 querum
488 2895 622 2954 auxiliis
651 2900 747 2972 atque
774 2895 895 2972 opibus,
922 2895 950 2954 si
977 2914 1041 2973 qua
1067 2895 1151 2955 bella
1174 2916 1201 2948 10

146 2993 299 3067 incidunt,
316 2999 494 3053 sustentare
508 2993 728 3052 censuerunt.’'

245 3111 384 3169 lmpcllc:
403 3111 495 3167 incita,
509 3110 615 3159 inuare.
748 3112 925 3168 aucteritas,
939 3110 1037 3171 pretia.

244 3195 439 3250 contumelia,
451 3193 563 3241 inieris.
748 3194 911 3252 amplifico,
925 3206 1018 3253 artqec.

244 3276 368 3324 deficio:
388 3275 486 3324 desero.
746 3279 892 3332 sustento,
906 3277 1031 3333 sustineo,
1042 3274 1067 3325 6.

244 3359 457 3416 mensueted0‚
470 3357 573 3406 lenitus.
745 3361 918 3421 censuerim),
932 3358 1013 3406 solco.
