<?xml version="1.0" encoding="UTF-8"?>
<!DOCTYPE html PUBLIC "-//W3C//DTD XHTML 1.0 Transitional//EN"
    "http://www.w3.org/TR/xhtml1/DTD/xhtml1-transitional.dtd">
<html xmlns="http://www.w3.org/1999/xhtml" xml:lang="en" lang="en">
 <head>
  <title>
</title>
<meta http-equiv="Content-Type" content="text/html;charset=utf-8" />
  <meta name='ocr-system' content='tesseract 3.04.00' />
  <meta name='ocr-capabilities' content='ocr_page ocr_carea ocr_par ocr_line ocrx_word'/>
</head>
<body>
  <div class='ocr_page' id='page_1' title='image "./gatetocaesarbyw02collgoog_0028.png"; bbox 0 0 2710 3750; ppageno 0'>
   <div class='ocr_carea' id='block_1_1' title="bbox 589 159 751 210">
    <p class='ocr_par' dir='ltr' id='par_1_1' title="bbox 589 159 751 210">
     <span class='ocr_line' id='line_1_1' title="bbox 589 159 751 210; baseline 0 -2"><span class='ocrx_word' id='word_1_1' title='bbox 589 159 689 210; x_wconf 83' lang='lat' dir='ltr'><strong>BOOK</strong></span> <span class='ocrx_word' id='word_1_2' title='bbox 710 159 751 208; x_wconf 89' lang='lat'><strong>11.</strong></span> 
     </span>
    </p>
   </div>
   <div class='ocr_carea' id='block_1_2' title="bbox 228 361 1079 425">
    <p class='ocr_par' dir='ltr' id='par_1_2' title="bbox 228 361 1079 425">
     <span class='ocr_line' id='line_1_2' title="bbox 228 361 1079 425; baseline -0.004 0"><span class='ocrx_word' id='word_1_3' title='bbox 228 362 353 425; x_wconf 71' lang='lat' dir='ltr'><strong>Baetice</strong></span> <span class='ocrx_word' id='word_1_4' title='bbox 369 364 496 424; x_wconf 75' lang='lat' dir='ltr'><strong>seddim</strong></span> <span class='ocrx_word' id='word_1_5' title='bbox 511 363 575 422; x_wconf 84' lang='lat' dir='ltr'><strong>ond</strong></span> <span class='ocrx_word' id='word_1_6' title='bbox 591 364 770 422; x_wconf 80' lang='lat' dir='ltr'><strong>iicotcocots</strong></span> <span class='ocrx_word' id='word_1_7' title='bbox 785 362 872 421; x_wconf 73' lang='lat' dir='ltr'><strong>tacto</strong></span> <span class='ocrx_word' id='word_1_8' title='bbox 887 361 967 422; x_wconf 79' lang='lat' dir='ltr'><strong>wtot</strong></span> <span class='ocrx_word' id='word_1_9' title='bbox 983 369 1013 422; x_wconf 84' lang='lat' dir='ltr'><strong>to</strong></span> <span class='ocrx_word' id='word_1_10' title='bbox 1029 362 1079 422; x_wconf 82' lang='lat' dir='ltr'><strong>do.</strong></span> 
     </span>
    </p>
   </div>
   <div class='ocr_carea' id='block_1_3' title="bbox 152 482 1207 1628">
    <p class='ocr_par' dir='ltr' id='par_1_3' title="bbox 152 482 1207 1628">
     <span class='ocr_line' id='line_1_3' title="bbox 195 482 1155 560; baseline -0.008 -8"><span class='ocrx_word' id='word_1_11' title='bbox 195 486 253 552; x_wconf 79' lang='lat'><strong>20.</strong></span> <span class='ocrx_word' id='word_1_12' title='bbox 276 483 403 548; x_wconf 77' lang='lat' dir='ltr'>Caesari</span> <span class='ocrx_word' id='word_1_13' title='bbox 413 483 518 544; x_wconf 89' lang='lat' dir='ltr'><strong>omnia</strong></span> <span class='ocrx_word' id='word_1_14' title='bbox 530 490 591 543; x_wconf 81' lang='lat' dir='ltr'><strong>eno</strong></span> <span class='ocrx_word' id='word_1_15' title='bbox 601 489 742 560; x_wconf 90' lang='lat' dir='ltr'><strong>tempore</strong></span> <span class='ocrx_word' id='word_1_16' title='bbox 753 486 842 543; x_wconf 89' lang='lat' dir='ltr'><strong>erant</strong></span> <span class='ocrx_word' id='word_1_17' title='bbox 853 483 988 560; x_wconf 88' lang='lat' dir='ltr'><strong>agenda:</strong></span> <span class='ocrx_word' id='word_1_18' title='bbox 1003 482 1155 544; x_wconf 86' lang='lat' dir='ltr'><strong>vexillum</strong></span> 
     </span>
     <span class='ocr_line' id='line_1_4' title="bbox 153 580 1155 662; baseline 0 -20"><span class='ocrx_word' id='word_1_19' title='bbox 153 582 400 662; x_wconf 82' lang='lat' dir='ltr'><strong>prepenendum‚</strong></span> <span class='ocrx_word' id='word_1_20' title='bbox 415 584 539 658; x_wconf 88' lang='lat' dir='ltr'><strong>signum</strong></span> <span class='ocrx_word' id='word_1_21' title='bbox 558 581 636 641; x_wconf 90' lang='lat' dir='ltr'><strong>tuba</strong></span> <span class='ocrx_word' id='word_1_22' title='bbox 651 580 798 656; x_wconf 89' lang='lat' dir='ltr'><strong>dandum,</strong></span> <span class='ocrx_word' id='word_1_23' title='bbox 814 580 853 640; x_wconf 90' lang='lat' dir='ltr'><strong>ab</strong></span> <span class='ocrx_word' id='word_1_24' title='bbox 874 596 967 658; x_wconf 88' lang='lat' dir='ltr'><strong>opere</strong></span> <span class='ocrx_word' id='word_1_25' title='bbox 988 581 1155 642; x_wconf 87' lang='lat' dir='ltr'><strong>revocandi</strong></span> 
     </span>
     <span class='ocr_line' id='line_1_5' title="bbox 154 676 1156 754; baseline -0.002 -14"><span class='ocrx_word' id='word_1_26' title='bbox 154 681 281 754; x_wconf 86' lang='lat' dir='ltr'><strong>milites,</strong></span> <span class='ocrx_word' id='word_1_27' title='bbox 296 678 379 739; x_wconf 89' lang='lat' dir='ltr'><strong>acies</strong></span> <span class='ocrx_word' id='word_1_28' title='bbox 392 677 586 752; x_wconf 87' lang='lat' dir='ltr'><strong>instruenda,</strong></span> <span class='ocrx_word' id='word_1_29' title='bbox 602 676 720 737; x_wconf 76' lang='lat' dir='ltr'><strong>milites</strong></span> <span class='ocrx_word' id='word_1_30' title='bbox 734 677 929 753; x_wconf 82' lang='lat' dir='ltr'><strong>cohortandi,</strong></span> <span class='ocrx_word' id='word_1_31' title='bbox 945 682 1069 754; x_wconf 89' lang='lat' dir='ltr'><strong>signum</strong></span> <span class='ocrx_word' id='word_1_32' title='bbox 1083 678 1156 738; x_wconf 87' lang='lat' dir='ltr'><strong>dan·</strong></span> 
     </span>
     <span class='ocr_line' id='line_1_6' title="bbox 153 774 1156 853; baseline -0.002 -16"><span class='ocrx_word' id='word_1_33' title='bbox 153 778 237 837; x_wconf 89' lang='lat' dir='ltr'><strong>dum.</strong></span> <span class='ocrx_word' id='word_1_34' title='bbox 286 776 425 846; x_wconf 79' lang='lat' dir='ltr'><strong>Querum</strong></span> <span class='ocrx_word' id='word_1_35' title='bbox 449 780 552 835; x_wconf 84' lang='lat' dir='ltr'><strong>rerum</strong></span> <span class='ocrx_word' id='word_1_36' title='bbox 575 781 720 850; x_wconf 79' lang='lat' dir='ltr'><strong>inegram</strong></span> <span class='ocrx_word' id='word_1_37' title='bbox 741 779 862 851; x_wconf 89' lang='lat' dir='ltr'><strong>partem</strong></span> <span class='ocrx_word' id='word_1_38' title='bbox 884 774 1035 853; x_wconf 91' lang='lat' dir='ltr'><strong>temporis</strong></span> <span class='ocrx_word' id='word_1_39' title='bbox 1056 774 1156 835; x_wconf 85' lang='lat' dir='ltr'><strong>brevi-</strong></span> 
     </span>
     <span class='ocr_line' id='line_1_7' title="bbox 152 870 1192 948; baseline 0.003 -14"><span class='ocrx_word' id='word_1_40' title='bbox 152 880 203 934; x_wconf 84' lang='lat' dir='ltr'><strong>tas</strong></span> <span class='ocrx_word' id='word_1_41' title='bbox 220 879 253 933; x_wconf 89' lang='lat' dir='ltr'><strong>et</strong></span> <span class='ocrx_word' id='word_1_42' title='bbox 270 888 431 933; x_wconf 79' lang='lat' dir='ltr'><strong>successus</strong></span> <span class='ocrx_word' id='word_1_43' title='bbox 448 870 588 930; x_wconf 90' lang='lat' dir='ltr'><strong>hostium</strong></span> <span class='ocrx_word' id='word_1_44' title='bbox 603 870 802 948; x_wconf 84' lang='lat' dir='ltr'><strong>impediebat.</strong></span> <span class='ocrx_word' id='word_1_45' title='bbox 845 870 908 930; x_wconf 86' lang='lat' dir='ltr'><strong>Sed</strong></span> <span class='ocrx_word' id='word_1_46' title='bbox 926 875 994 931; x_wconf 87' lang='lat' dir='ltr'><strong>crat</strong></span> <span class='ocrx_word' id='word_1_47' title='bbox 1014 870 1155 932; x_wconf 89' lang='lat' dir='ltr'><strong>subsidio</strong></span> <span class='ocrx_word' id='word_1_48' title='bbox 1177 889 1192 937; x_wconf 84' lang='grc'><strong>5</strong></span> 
     </span>
     <span class='ocr_line' id='line_1_8' title="bbox 153 966 1155 1046; baseline -0.002 -16"><span class='ocrx_word' id='word_1_49' title='bbox 153 970 287 1031; x_wconf 90' lang='lat' dir='ltr'><strong>scientia</strong></span> <span class='ocrx_word' id='word_1_50' title='bbox 306 974 402 1046; x_wconf 90' lang='lat' dir='ltr'><strong>atque</strong></span> <span class='ocrx_word' id='word_1_51' title='bbox 423 973 498 1027; x_wconf 80' lang='lat' dir='ltr'><strong>esus</strong></span> <span class='ocrx_word' id='word_1_52' title='bbox 519 967 665 1043; x_wconf 89' lang='lat' dir='ltr'><strong>militum,</strong></span> <span class='ocrx_word' id='word_1_53' title='bbox 688 967 772 1045; x_wconf 90' lang='lat' dir='ltr'><strong>quod</strong></span> <span class='ocrx_word' id='word_1_54' title='bbox 792 966 1006 1046; x_wconf 82' lang='lat' dir='ltr'><strong>superieribus</strong></span> <span class='ocrx_word' id='word_1_55' title='bbox 1027 968 1155 1046; x_wconf 83' lang='lat' dir='ltr'><strong>proeliis</strong></span> 
     </span>
     <span class='ocr_line' id='line_1_9' title="bbox 153 1063 1155 1142; baseline -0.004 -15"><span class='ocrx_word' id='word_1_56' title='bbox 153 1065 327 1140; x_wconf 82' lang='lat' dir='ltr'><strong>exerciteti,</strong></span> <span class='ocrx_word' id='word_1_57' title='bbox 356 1072 418 1125; x_wconf 88' lang='lat' dir='ltr'><strong>nen</strong></span> <span class='ocrx_word' id='word_1_58' title='bbox 447 1063 551 1124; x_wconf 90' lang='lat' dir='ltr'><strong>minus</strong></span> <span class='ocrx_word' id='word_1_59' title='bbox 579 1064 739 1124; x_wconf 87' lang='lat' dir='ltr'><strong>commode</strong></span> <span class='ocrx_word' id='word_1_60' title='bbox 766 1063 830 1141; x_wconf 90' lang='lat' dir='ltr'><strong>ipsi</strong></span> <span class='ocrx_word' id='word_1_61' title='bbox 857 1063 919 1124; x_wconf 87' lang='lat' dir='ltr'><strong>sibi</strong></span> <span class='ocrx_word' id='word_1_62' title='bbox 946 1065 1155 1142; x_wconf 78' lang='lat' dir='ltr'><strong>praescribere</strong></span> 
     </span>
     <span class='ocr_line' id='line_1_10' title="bbox 154 1159 1157 1242; baseline -0.004 -19"><span class='ocrx_word' id='word_1_63' title='bbox 154 1180 248 1242; x_wconf 92' lang='lat' dir='ltr'><strong>quam</strong></span> <span class='ocrx_word' id='word_1_64' title='bbox 269 1162 308 1223; x_wconf 91' lang='lat' dir='ltr'><strong>ab</strong></span> <span class='ocrx_word' id='word_1_65' title='bbox 322 1161 400 1221; x_wconf 76' lang='lat' dir='ltr'><strong>&#39;aliis</strong></span> <span class='ocrx_word' id='word_1_66' title='bbox 420 1161 524 1221; x_wconf 89' lang='lat' dir='ltr'><strong>doceri</strong></span> <span class='ocrx_word' id='word_1_67' title='bbox 538 1165 693 1238; x_wconf 84' lang='lat' dir='ltr'><strong>poterant.</strong></span> <span class='ocrx_word' id='word_1_68' title='bbox 736 1160 905 1221; x_wconf 88' lang='lat' dir='ltr'><strong>Praeterea</strong></span> <span class='ocrx_word' id='word_1_69' title='bbox 924 1160 964 1221; x_wconf 90' lang='lat' dir='ltr'><strong>ab</strong></span> <span class='ocrx_word' id='word_1_70' title='bbox 984 1179 1076 1238; x_wconf 87' lang='lat' dir='ltr'><strong>opere</strong></span> <span class='ocrx_word' id='word_1_71' title='bbox 1096 1159 1157 1220; x_wconf 90' lang='lat' dir='ltr'><strong>siu-</strong></span> 
     </span>
     <span class='ocr_line' id='line_1_11' title="bbox 153 1257 1155 1338; baseline -0.001 -19"><span class='ocrx_word' id='word_1_72' title='bbox 153 1260 298 1338; x_wconf 84' lang='lat' dir='ltr'><strong>gulisque</strong></span> <span class='ocrx_word' id='word_1_73' title='bbox 328 1257 504 1334; x_wconf 85' lang='lat' dir='ltr'><strong>legienibus</strong></span> <span class='ocrx_word' id='word_1_74' title='bbox 535 1257 677 1335; x_wconf 84' lang='lat' dir='ltr'><strong>singulos</strong></span> <span class='ocrx_word' id='word_1_75' title='bbox 706 1257 826 1334; x_wconf 82' lang='lat' dir='ltr'><strong>legetos</strong></span> <span class='ocrx_word' id='word_1_76' title='bbox 855 1258 970 1319; x_wconf 83' lang='lat' dir='ltr'><strong>Caesar</strong></span> <span class='ocrx_word' id='word_1_77' title='bbox 996 1257 1155 1318; x_wconf 74' lang='lat' dir='ltr'><strong>discedere</strong></span> 
     </span>
     <span class='ocr_line' id='line_1_12' title="bbox 153 1354 1207 1433; baseline -0.002 -17"><span class='ocrx_word' id='word_1_78' title='bbox 153 1361 306 1417; x_wconf 87' lang='lat' dir='ltr'><strong>vetuerat.</strong></span> <span class='ocrx_word' id='word_1_79' title='bbox 362 1355 409 1416; x_wconf 92' lang='lat' dir='ltr'><strong>Hi</strong></span> <span class='ocrx_word' id='word_1_80' title='bbox 437 1360 567 1433; x_wconf 87' lang='lat' dir='ltr'><strong>propter</strong></span> <span class='ocrx_word' id='word_1_81' title='bbox 597 1354 866 1433; x_wconf 79' lang='lat' dir='ltr'><strong>propinquitetem</strong></span> <span class='ocrx_word' id='word_1_82' title='bbox 897 1359 930 1414; x_wconf 90' lang='lat' dir='ltr'><strong>et</strong></span> <span class='ocrx_word' id='word_1_83' title='bbox 959 1354 1155 1415; x_wconf 84' lang='lat' dir='ltr'><strong>celeritetem</strong></span> <span class='ocrx_word' id='word_1_84' title='bbox 1179 1381 1207 1415; x_wconf 81' lang='grc' dir='ltr'><strong>ιο</strong></span> 
     </span>
     <span class='ocr_line' id='line_1_13' title="bbox 153 1450 1155 1530; baseline -0.002 -16"><span class='ocrx_word' id='word_1_85' title='bbox 153 1453 293 1514; x_wconf 90' lang='lat' dir='ltr'><strong>hostium</strong></span> <span class='ocrx_word' id='word_1_86' title='bbox 313 1452 395 1512; x_wconf 90' lang='lat' dir='ltr'><strong>nihil</strong></span> <span class='ocrx_word' id='word_1_87' title='bbox 416 1452 480 1512; x_wconf 91' lang='lat' dir='ltr'><strong>iam</strong></span> <span class='ocrx_word' id='word_1_88' title='bbox 500 1450 642 1513; x_wconf 83' lang='lat' dir='ltr'><strong>Caesaris</strong></span> <span class='ocrx_word' id='word_1_89' title='bbox 664 1450 832 1529; x_wconf 89' lang='lat' dir='ltr'><strong>imperium</strong></span> <span class='ocrx_word' id='word_1_90' title='bbox 849 1452 1084 1530; x_wconf 82' lang='lat' dir='ltr'><strong>exspectebant,</strong></span> <span class='ocrx_word' id='word_1_91' title='bbox 1099 1451 1155 1512; x_wconf 86' lang='lat' dir='ltr'><strong>sed</strong></span> 
     </span>
     <span class='ocr_line' id='line_1_14' title="bbox 153 1548 838 1628; baseline -0.004 -17"><span class='ocrx_word' id='word_1_92' title='bbox 153 1569 209 1628; x_wconf 84' lang='lat' dir='ltr'><strong>per</strong></span> <span class='ocrx_word' id='word_1_93' title='bbox 223 1569 256 1610; x_wconf 88' lang='lat' dir='ltr'><strong>se</strong></span> <span class='ocrx_word' id='word_1_94' title='bbox 270 1569 351 1628; x_wconf 91' lang='lat' dir='ltr'><strong>quae</strong></span> <span class='ocrx_word' id='word_1_95' title='bbox 364 1548 552 1609; x_wconf 86' lang='lat' dir='ltr'><strong>videbantur</strong></span> <span class='ocrx_word' id='word_1_96' title='bbox 565 1548 838 1608; x_wconf 80' lang='lat' dir='ltr'><strong>administrebant.</strong></span> 
     </span>
    </p>
   </div>
   <div class='ocr_carea' id='block_1_4' title="bbox 218 1663 1119 2057">
    <p class='ocr_par' dir='ltr' id='par_1_4' title="bbox 218 1663 1119 2057">
     <span class='ocr_line' id='line_1_15' title="bbox 218 1663 1040 1726; baseline 0.002 -13"><span class='ocrx_word' id='word_1_97' title='bbox 218 1668 363 1724; x_wconf 81' lang='lat' dir='ltr'><strong>prepeno,</strong></span> <span class='ocrx_word' id='word_1_98' title='bbox 376 1663 494 1714; x_wconf 81' lang='lat' dir='ltr'><strong>ostendo.</strong></span> <span class='ocrx_word' id='word_1_99' title='bbox 696 1665 869 1713; x_wconf 81' lang='lat' dir='ltr'><strong>commoda:</strong></span> <span class='ocrx_word' id='word_1_100' title='bbox 888 1668 955 1726; x_wconf 81' lang='lat' dir='ltr'><strong>apte,</strong></span> <span class='ocrx_word' id='word_1_101' title='bbox 968 1663 1040 1715; x_wconf 81' lang='lat' dir='ltr'><strong>benc.</strong></span> 
     </span>
     <span class='ocr_line' id='line_1_16' title="bbox 218 1745 1040 1809; baseline -0.001 -12"><span class='ocrx_word' id='word_1_102' title='bbox 218 1760 379 1807; x_wconf 84' lang='lat' dir='ltr'><strong>successus,</strong></span> <span class='ocrx_word' id='word_1_103' title='bbox 393 1759 520 1804; x_wconf 75' lang='lat' dir='ltr'><strong>accessus,</strong></span> <span class='ocrx_word' id='word_1_104' title='bbox 533 1745 572 1795; x_wconf 80' lang='lat'><strong>15.</strong></span> <span class='ocrx_word' id='word_1_105' title='bbox 698 1746 882 1805; x_wconf 78' lang='lat' dir='ltr'><strong>praescribo,</strong></span> <span class='ocrx_word' id='word_1_106' title='bbox 894 1748 1040 1809; x_wconf 75' lang='lat' dir='ltr'><strong>psuecspto.</strong></span> 
     </span>
     <span class='ocr_line' id='line_1_17' title="bbox 219 1827 924 1891; baseline 0 -12"><span class='ocrx_word' id='word_1_107' title='bbox 219 1831 398 1888; x_wconf 80' lang='lat' dir='ltr'><strong>subsidium,</strong></span> <span class='ocrx_word' id='word_1_108' title='bbox 412 1830 553 1888; x_wconf 80' lang='lat' dir='ltr'><strong>auxilium,</strong></span> <span class='ocrx_word' id='word_1_109' title='bbox 566 1827 591 1878; x_wconf 90' lang='grc'><strong>6.</strong></span> <span class='ocrx_word' id='word_1_110' title='bbox 698 1832 777 1887; x_wconf 81' lang='lat' dir='ltr'><strong>veto,</strong></span> <span class='ocrx_word' id='word_1_111' title='bbox 786 1829 924 1891; x_wconf 76' lang='lat' dir='ltr'><strong>prohibeo.</strong></span> 
     </span>
     <span class='ocr_line' id='line_1_18' title="bbox 219 1912 1061 1973; baseline 0 -11"><span class='ocrx_word' id='word_1_112' title='bbox 219 1912 477 1973; x_wconf 61' lang='lat' dir='ltr'><strong>benammi-isatis.</strong></span> <span class='ocrx_word' id='word_1_113' title='bbox 602 1936 605 1942; x_wconf 92' lang='lat'>·</span> <span class='ocrx_word' id='word_1_114' title='bbox 693 1912 914 1971; x_wconf 76' lang='lat' dir='ltr'><strong>propinquitas,</strong></span> <span class='ocrx_word' id='word_1_115' title='bbox 927 1913 1061 1963; x_wconf 58' lang='lat' dir='ltr'><strong>emendos.</strong></span> 
     </span>
     <span class='ocr_line' id='line_1_19' title="bbox 218 1993 1119 2057; baseline -0.003 -11"><span class='ocrx_word' id='word_1_116' title='bbox 218 1997 413 2053; x_wconf 79' lang='lat' dir='ltr'><strong>exercitetus,</strong></span> <span class='ocrx_word' id='word_1_117' title='bbox 422 1993 537 2056; x_wconf 71' lang='lat' dir='ltr'><strong>peritas.</strong></span> <span class='ocrx_word' id='word_1_118' title='bbox 694 1994 892 2044; x_wconf 83' lang='lat' dir='ltr'><strong>administro:</strong></span> <span class='ocrx_word' id='word_1_119' title='bbox 907 1995 1044 2056; x_wconf 77' lang='lat' dir='ltr'><strong>provideo,</strong></span> <span class='ocrx_word' id='word_1_120' title='bbox 1058 2008 1119 2057; x_wconf 82' lang='lat' dir='ltr'><strong>opo.</strong></span> 
     </span>
    </p>
   </div>
   <div class='ocr_carea' id='block_1_5' title="bbox 196 2149 1110 2229">
    <p class='ocr_par' dir='ltr' id='par_1_5' title="bbox 196 2149 1110 2229">
     <span class='ocr_line' id='line_1_20' title="bbox 196 2149 1110 2229; baseline -0.002 -17"><span class='ocrx_word' id='word_1_121' title='bbox 196 2152 337 2229; x_wconf 69' lang='lat' dir='ltr'><strong>diphiiop</strong></span> <span class='ocrx_word' id='word_1_122' title='bbox 352 2151 452 2227; x_wconf 75' lang='lat' dir='ltr'><strong>begins</strong></span> <span class='ocrx_word' id='word_1_123' title='bbox 466 2150 564 2225; x_wconf 81' lang='lat' dir='ltr'><strong>before</strong></span> <span class='ocrx_word' id='word_1_124' title='bbox 578 2149 625 2208; x_wconf 77' lang='lat' dir='ltr'><strong>ilic</strong></span> <span class='ocrx_word' id='word_1_125' title='bbox 639 2151 766 2209; x_wconf 81' lang='lat' dir='ltr'><strong>soldiers</strong></span> <span class='ocrx_word' id='word_1_126' title='bbox 779 2166 837 2209; x_wconf 82' lang='lat' dir='ltr'><strong>cca</strong></span> <span class='ocrx_word' id='word_1_127' title='bbox 850 2164 920 2210; x_wconf 69' lang='lat' dir='ltr'><strong>aroc</strong></span> <span class='ocrx_word' id='word_1_128' title='bbox 933 2150 1110 2211; x_wconf 73' lang='lat' dir='ltr'><strong>themselves.</strong></span> 
     </span>
    </p>
   </div>
   <div class='ocr_carea' id='block_1_6' title="bbox 150 2269 1202 3415">
    <p class='ocr_par' dir='ltr' id='par_1_6' title="bbox 150 2269 1202 3415">
     <span class='ocr_line' id='line_1_21' title="bbox 195 2269 1153 2349; baseline -0.003 -12"><span class='ocrx_word' id='word_1_129' title='bbox 195 2271 248 2338; x_wconf 78' lang='lat'><strong>21.</strong></span> <span class='ocrx_word' id='word_1_130' title='bbox 271 2271 385 2333; x_wconf 82' lang='lat' dir='ltr'><strong>Cacsar</strong></span> <span class='ocrx_word' id='word_1_131' title='bbox 398 2269 583 2330; x_wconf 80' lang='lat' dir='ltr'><strong>occesseriis</strong></span> <span class='ocrx_word' id='word_1_132' title='bbox 597 2270 689 2330; x_wconf 89' lang='lat' dir='ltr'><strong>rebus</strong></span> <span class='ocrx_word' id='word_1_133' title='bbox 704 2270 867 2349; x_wconf 78' lang='lat' dir='ltr'><strong>imperetis</strong></span> <span class='ocrx_word' id='word_1_134' title='bbox 887 2272 928 2332; x_wconf 85' lang='lat' dir='ltr'><strong>ad</strong></span> <span class='ocrx_word' id='word_1_135' title='bbox 945 2271 1153 2334; x_wconf 79' lang='lat' dir='ltr'><strong>cohortandos</strong></span> 
     </span>
     <span class='ocr_line' id='line_1_22' title="bbox 153 2366 1152 2444; baseline 0.001 -16"><span class='ocrx_word' id='word_1_136' title='bbox 153 2369 270 2429; x_wconf 79' lang='lat' dir='ltr'><strong>milites</strong></span> <span class='ocrx_word' id='word_1_137' title='bbox 304 2366 481 2427; x_wconf 73' lang='lat' dir='ltr'><strong>decucurrit</strong></span> <span class='ocrx_word' id='word_1_138' title='bbox 513 2372 545 2426; x_wconf 86' lang='lat' dir='ltr'><strong>et</strong></span> <span class='ocrx_word' id='word_1_139' title='bbox 575 2367 617 2426; x_wconf 87' lang='lat' dir='ltr'><strong>ad</strong></span> <span class='ocrx_word' id='word_1_140' title='bbox 646 2366 802 2444; x_wconf 82' lang='lat' dir='ltr'><strong>legionem</strong></span> <span class='ocrx_word' id='word_1_141' title='bbox 832 2368 985 2429; x_wconf 84' lang='lat' dir='ltr'><strong>decimam</strong></span> <span class='ocrx_word' id='word_1_142' title='bbox 1015 2369 1152 2429; x_wconf 86' lang='lat' dir='ltr'><strong>devenit.</strong></span> 
     </span>
     <span class='ocr_line' id='line_1_23' title="bbox 153 2463 1153 2542; baseline 0.001 -17"><span class='ocrx_word' id='word_1_143' title='bbox 153 2465 272 2525; x_wconf 86' lang='lat' dir='ltr'><strong>Milites</strong></span> <span class='ocrx_word' id='word_1_144' title='bbox 293 2472 356 2524; x_wconf 86' lang='lat' dir='ltr'><strong>nen</strong></span> <span class='ocrx_word' id='word_1_145' title='bbox 377 2463 517 2539; x_wconf 85' lang='lat' dir='ltr'><strong>longiere</strong></span> <span class='ocrx_word' id='word_1_146' title='bbox 531 2463 674 2523; x_wconf 85' lang='lat' dir='ltr'><strong>eretiene</strong></span> <span class='ocrx_word' id='word_1_147' title='bbox 691 2463 873 2525; x_wconf 83' lang='lat' dir='ltr'><strong>cohortetus</strong></span> <span class='ocrx_word' id='word_1_148' title='bbox 894 2483 988 2542; x_wconf 90' lang='lat' dir='ltr'><strong>quam</strong></span> <span class='ocrx_word' id='word_1_149' title='bbox 1008 2465 1057 2524; x_wconf 90' lang='lat' dir='ltr'><strong>uti</strong></span> <span class='ocrx_word' id='word_1_150' title='bbox 1078 2483 1153 2526; x_wconf 91' lang='lat' dir='ltr'><strong>suae</strong></span> 
     </span>
     <span class='ocr_line' id='line_1_24' title="bbox 153 2558 1153 2640; baseline 0.002 -19"><span class='ocrx_word' id='word_1_151' title='bbox 153 2562 304 2640; x_wconf 80' lang='lat' dir='ltr'><strong>pristinae</strong></span> <span class='ocrx_word' id='word_1_152' title='bbox 332 2558 462 2619; x_wconf 83' lang='lat' dir='ltr'><strong>virtutis</strong></span> <span class='ocrx_word' id='word_1_153' title='bbox 490 2560 671 2620; x_wconf 86' lang='lat' dir='ltr'><strong>memoriam</strong></span> <span class='ocrx_word' id='word_1_154' title='bbox 700 2559 873 2621; x_wconf 76' lang='lat' dir='ltr'><strong>retinerent</strong></span> <span class='ocrx_word' id='word_1_155' title='bbox 900 2579 963 2621; x_wconf 89' lang='lat' dir='ltr'><strong>neu</strong></span> <span class='ocrx_word' id='word_1_156' title='bbox 993 2562 1153 2640; x_wconf 77' lang='lat' dir='ltr'><strong>perturbe-</strong></span> 
     </span>
     <span class='ocr_line' id='line_1_25' title="bbox 152 2655 1189 2736; baseline 0.002 -18"><span class='ocrx_word' id='word_1_157' title='bbox 152 2664 262 2718; x_wconf 89' lang='lat' dir='ltr'><strong>rentur</strong></span> <span class='ocrx_word' id='word_1_158' title='bbox 281 2656 386 2717; x_wconf 86' lang='lat' dir='ltr'><strong>auimo</strong></span> <span class='ocrx_word' id='word_1_159' title='bbox 407 2655 609 2736; x_wconf 90' lang='lat' dir='ltr'><strong>hostiumque</strong></span> <span class='ocrx_word' id='word_1_160' title='bbox 629 2656 783 2735; x_wconf 91' lang='lat' dir='ltr'><strong>impetum</strong></span> <span class='ocrx_word' id='word_1_161' title='bbox 804 2657 930 2718; x_wconf 84' lang='lat' dir='ltr'><strong>fortiter</strong></span> <span class='ocrx_word' id='word_1_162' title='bbox 948 2658 1150 2735; x_wconf 87' lang='lat' dir='ltr'><strong>sustinerent,</strong></span> <span class='ocrx_word' id='word_1_163' title='bbox 1173 2672 1189 2720; x_wconf 82' lang='grc'><strong>5</strong></span> 
     </span>
     <span class='ocr_line' id='line_1_26' title="bbox 152 2753 1154 2833; baseline 0.002 -19"><span class='ocrx_word' id='word_1_164' title='bbox 152 2754 236 2833; x_wconf 89' lang='lat' dir='ltr'><strong>quod</strong></span> <span class='ocrx_word' id='word_1_165' title='bbox 255 2762 319 2815; x_wconf 87' lang='lat' dir='ltr'><strong>nen</strong></span> <span class='ocrx_word' id='word_1_166' title='bbox 339 2754 432 2830; x_wconf 91' lang='lat' dir='ltr'><strong>louge</strong></span> <span class='ocrx_word' id='word_1_167' title='bbox 453 2753 560 2814; x_wconf 88' lang='lat' dir='ltr'><strong>hostes</strong></span> <span class='ocrx_word' id='word_1_168' title='bbox 581 2754 720 2830; x_wconf 90' lang='lat' dir='ltr'><strong>aberant,</strong></span> <span class='ocrx_word' id='word_1_169' title='bbox 736 2753 836 2832; x_wconf 90' lang='lat' dir='ltr'><strong>proeli</strong></span> <span class='ocrx_word' id='word_1_170' title='bbox 855 2754 1073 2816; x_wconf 90' lang='lat' dir='ltr'><strong>committendi</strong></span> <span class='ocrx_word' id='word_1_171' title='bbox 1094 2761 1154 2833; x_wconf 85' lang='lat' dir='ltr'><strong>sig·</strong></span> 
     </span>
     <span class='ocr_line' id='line_1_27' title="bbox 151 2850 1152 2929; baseline 0.001 -17"><span class='ocrx_word' id='word_1_172' title='bbox 151 2872 228 2912; x_wconf 90' lang='lat' dir='ltr'><strong>num</strong></span> <span class='ocrx_word' id='word_1_173' title='bbox 248 2851 344 2912; x_wconf 86' lang='lat' dir='ltr'><strong>dedit</strong></span> <span class='ocrx_word' id='word_1_174' title='bbox 386 2850 493 2929; x_wconf 88' lang='lat' dir='ltr'><strong>Atque</strong></span> <span class='ocrx_word' id='word_1_175' title='bbox 514 2850 548 2909; x_wconf 91' lang='lat' dir='ltr'><strong>in</strong></span> <span class='ocrx_word' id='word_1_176' title='bbox 569 2850 702 2910; x_wconf 89' lang='lat' dir='ltr'><strong>alteram</strong></span> <span class='ocrx_word' id='word_1_177' title='bbox 724 2857 847 2929; x_wconf 86' lang='lat' dir='ltr'><strong>partem</strong></span> <span class='ocrx_word' id='word_1_178' title='bbox 868 2851 945 2912; x_wconf 89' lang='lat' dir='ltr'><strong>item</strong></span> <span class='ocrx_word' id='word_1_179' title='bbox 968 2853 1152 2914; x_wconf 87' lang='lat' dir='ltr'><strong>cohortandi</strong></span> 
     </span>
     <span class='ocr_line' id='line_1_28' title="bbox 151 2946 1154 3027; baseline 0.002 -19"><span class='ocrx_word' id='word_1_180' title='bbox 151 2966 246 3008; x_wconf 87' lang='lat' dir='ltr'><strong>causa</strong></span> <span class='ocrx_word' id='word_1_181' title='bbox 265 2947 426 3025; x_wconf 84' lang='lat' dir='ltr'><strong>proiectus</strong></span> <span class='ocrx_word' id='word_1_182' title='bbox 450 2946 663 3025; x_wconf 77' lang='lat' dir='ltr'><strong>pugnantibus</strong></span> <span class='ocrx_word' id='word_1_183' title='bbox 688 2947 831 3008; x_wconf 88' lang='lat' dir='ltr'><strong>occurrit.</strong></span> <span class='ocrx_word' id='word_1_184' title='bbox 875 2948 1038 3027; x_wconf 78' lang='lat' dir='ltr'><strong>Temporis</strong></span> <span class='ocrx_word' id='word_1_185' title='bbox 1062 2954 1154 3010; x_wconf 86' lang='lat' dir='ltr'><strong>tanta</strong></span> 
     </span>
     <span class='ocr_line' id='line_1_29' title="bbox 151 3043 1151 3123; baseline 0.003 -20"><span class='ocrx_word' id='word_1_186' title='bbox 151 3044 215 3104; x_wconf 88' lang='lat' dir='ltr'><strong>fuit</strong></span> <span class='ocrx_word' id='word_1_187' title='bbox 236 3043 393 3121; x_wconf 84' lang='lat' dir='ltr'><strong>exiguitas</strong></span> <span class='ocrx_word' id='word_1_188' title='bbox 416 3043 618 3122; x_wconf 86' lang='lat' dir='ltr'><strong>hostiumque</strong></span> <span class='ocrx_word' id='word_1_189' title='bbox 640 3048 706 3104; x_wconf 93' lang='lat' dir='ltr'><strong>tam</strong></span> <span class='ocrx_word' id='word_1_190' title='bbox 728 3050 858 3123; x_wconf 86' lang='lat' dir='ltr'><strong>paretus</strong></span> <span class='ocrx_word' id='word_1_191' title='bbox 879 3045 920 3105; x_wconf 82' lang='lat' dir='ltr'><strong>ad</strong></span> <span class='ocrx_word' id='word_1_192' title='bbox 941 3045 1151 3106; x_wconf 87' lang='lat' dir='ltr'><strong>dimicandum</strong></span> 
     </span>
     <span class='ocr_line' id='line_1_30' title="bbox 151 3140 1202 3218; baseline 0.003 -17"><span class='ocrx_word' id='word_1_193' title='bbox 151 3140 283 3216; x_wconf 89' lang='lat' dir='ltr'><strong>animus,</strong></span> <span class='ocrx_word' id='word_1_194' title='bbox 308 3146 345 3201; x_wconf 92' lang='lat' dir='ltr'><strong>ut</strong></span> <span class='ocrx_word' id='word_1_195' title='bbox 370 3147 432 3201; x_wconf 86' lang='lat' dir='ltr'><strong>nen</strong></span> <span class='ocrx_word' id='word_1_196' title='bbox 456 3141 548 3202; x_wconf 91' lang='lat' dir='ltr'><strong>modo</strong></span> <span class='ocrx_word' id='word_1_197' title='bbox 573 3141 613 3201; x_wconf 93' lang='lat' dir='ltr'><strong>ad</strong></span> <span class='ocrx_word' id='word_1_198' title='bbox 637 3141 773 3218; x_wconf 85' lang='lat' dir='ltr'><strong>insignia</strong></span> <span class='ocrx_word' id='word_1_199' title='bbox 795 3143 1070 3217; x_wconf 87' lang='lat' dir='ltr'><strong>adcommodanda‚</strong></span> <span class='ocrx_word' id='word_1_200' title='bbox 1096 3144 1150 3204; x_wconf 89' lang='lat' dir='ltr'><strong>sed</strong></span> <span class='ocrx_word' id='word_1_201' title='bbox 1175 3171 1202 3205; x_wconf 88' lang='lat'><strong>10</strong></span> 
     </span>
     <span class='ocr_line' id='line_1_31' title="bbox 150 3234 1152 3316; baseline 0.003 -19"><span class='ocrx_word' id='word_1_202' title='bbox 150 3238 246 3298; x_wconf 88' lang='lat' dir='ltr'><strong>etiam</strong></span> <span class='ocrx_word' id='word_1_203' title='bbox 255 3234 296 3297; x_wconf 88' lang='lat' dir='ltr'><strong>ad</strong></span> <span class='ocrx_word' id='word_1_204' title='bbox 306 3237 411 3315; x_wconf 90' lang='lat' dir='ltr'><strong>galeas</strong></span> <span class='ocrx_word' id='word_1_205' title='bbox 423 3237 596 3297; x_wconf 88' lang='lat' dir='ltr'><strong>induendas</strong></span> <span class='ocrx_word' id='word_1_206' title='bbox 606 3243 764 3316; x_wconf 77' lang='lat' dir='ltr'><strong>scitisque</strong></span> <span class='ocrx_word' id='word_1_207' title='bbox 775 3239 948 3316; x_wconf 87' lang='lat' dir='ltr'><strong>tegimenta</strong></span> <span class='ocrx_word' id='word_1_208' title='bbox 958 3239 1152 3300; x_wconf 80' lang='lat' dir='ltr'><strong>detrudenda</strong></span> 
     </span>
     <span class='ocr_line' id='line_1_32' title="bbox 150 3330 1151 3415; baseline 0.001 -21"><span class='ocrx_word' id='word_1_209' title='bbox 150 3339 274 3412; x_wconf 88' lang='lat' dir='ltr'><strong>tempus</strong></span> <span class='ocrx_word' id='word_1_210' title='bbox 289 3333 435 3394; x_wconf 82' lang='lat' dir='ltr'><strong>defuerit.</strong></span> <span class='ocrx_word' id='word_1_211' title='bbox 470 3333 569 3404; x_wconf 81' lang='lat' dir='ltr'><strong>Quam</strong></span> <span class='ocrx_word' id='word_1_212' title='bbox 584 3330 618 3393; x_wconf 85' lang='lat' dir='ltr'><strong>in</strong></span> <span class='ocrx_word' id='word_1_213' title='bbox 631 3342 753 3413; x_wconf 85' lang='lat' dir='ltr'><strong>partem</strong></span> <span class='ocrx_word' id='word_1_214' title='bbox 767 3335 902 3415; x_wconf 88' lang='lat' dir='ltr'><strong>quisque</strong></span> <span class='ocrx_word' id='word_1_215' title='bbox 915 3336 955 3396; x_wconf 90' lang='lat' dir='ltr'><strong>ab</strong></span> <span class='ocrx_word' id='word_1_216' title='bbox 968 3354 1062 3414; x_wconf 88' lang='lat' dir='ltr'><strong>opere</strong></span> <span class='ocrx_word' id='word_1_217' title='bbox 1075 3342 1151 3397; x_wconf 78' lang='lat' dir='ltr'><strong>cesu</strong></span> 
     </span>
    </p>
   </div>
   <div class='ocr_carea' id='block_1_7' title="bbox 1220 3574 1344 3718">
    <p class='ocr_par' dir='ltr' id='par_1_7' title="bbox 1220 3574 1344 3718">
     <span class='ocr_line' id='line_1_33' title="bbox 1220 3574 1344 3718; baseline 0 0"><span class='ocrx_word' id='word_1_218' title='bbox 1220 3574 1344 3718; x_wconf 56' lang='lat' dir='ltr'>A</span> 
     </span>
    </p>
   </div>
   <div class='ocr_carea' id='block_1_8' title="bbox 0 0 1360 3750">
    <p class='ocr_par' dir='ltr' id='par_1_8' title="bbox 0 0 1360 3750">
     <span class='ocr_line' id='line_1_34' title="bbox 0 0 1360 3750; baseline 0 1"><span class='ocrx_word' id='word_1_219' title='bbox 0 0 1360 3750; x_wconf 95' lang='lat' dir='ltr'><strong> </strong></span> 
     </span>
    </p>
   </div>
  </div>
 </body>
</html>
