2710 3750
147 132 188 196 26
313 134 327 155 ⁸
506 154 536 199 s.
560 152 639 199 rum
663 152 841 203 conserus

196 317 309 395 perint.
356 318 418 377 His
441 319 597 378 mandatis
620 339 692 378 eum
714 320 753 379 ab
776 339 808 379 se
832 320 975 380 dimittit.
1024 321 1198 398 Postquam

84 430 90 435 ‘
196 434 302 474 omnes
328 415 497 490 Belgarum
519 416 624 494 eopias
642 415 682 474 'in
703 435 802 474 unum
826 416 928 476 locum
953 426 1075 477 coaetus
1100 420 1140 477 ad
1164 437 1198 477 se

195 512 303 573 venire
318 513 407 586 vidit,
424 531 524 590 neque
542 513 605 572 iam
623 514 715 589 longe
734 514 842 573 abesse
861 514 900 573 ab
919 514 958 573 iis
974 534 1052 592 quos
1070 515 1199 574 miserat

196 610 445 688 exploratoribus
471 615 503 669 et
528 611 567 670 ab
592 610 701 671 Remis
727 611 882 687 cognovit,
905 610 1022 670 fiumen
1044 613 1196 686 Axonam,

160 733 171 781 ς
197 708 281 784 quod
301 716 350 767 est
372 710 406 767 in
431 709 581 768 extremis
605 708 776 767 Remorum
799 707 924 783 finibus,
947 708 1119 768 exereitum
1139 714 1199 767 tra

197 805 307 865 ducere
329 805 500 866 maturavit
520 812 615 882 atque
635 804 681 864 ibi
702 811 805 865 eastra
825 805 939 884 posuit.
990 805 1074 875 Quae
1095 823 1144 864 res
1166 812 1198 864 et

196 901 279 961 latus
301 922 399 962 unum
420 910 593 963 castrorum
617 902 696 981 ripis
719 901 858 961 fluminis
883 902 1044 962 muniebat
1069 908 1101 961 et
1125 909 1198 979 post

197 1017 267 1058 eum
282 1019 361 1077 quae
376 1006 481 1060 essent
496 1006 568 1059 tuta
580 1000 620 1060 ab
630 998 775 1058 hostibus
790 999 948 1073 reddebat,
960 1006 992 1058 et
1007 1004 1198 1059 commeatus

197 1097 237 1156 ab
253 1098 363 1157 Remis
377 1097 570 1174 reliquisque
584 1096 768 1157 civitatibus
784 1101 820 1155 ut
835 1096 902 1155 sine
919 1095 1058 1174 perioulo
1072 1097 1198 1155 adeum

148 1221 175 1253 ιο
197 1194 315 1271 portari
334 1200 440 1270 posset
459 1193 620 1254 efficiebat.
663 1194 703 1252 In
722 1211 758 1252 eo
779 1192 908 1252 flumine
929 1211 1007 1270 pons
1028 1199 1104 1252 erat.
1147 1192 1198 1252 Ibi

196 1290 388 1368 praesidium
407 1291 495 1368 ponit
515 1297 547 1351 et
564 1291 598 1349 in
614 1292 715 1361 altera
733 1296 823 1368 parte
836 1288 975 1349 fluminis
990 1289 1023 1359 Q.
1040 1289 1198 1349 Titurium

198 1387 348 1447 Sabinum
362 1388 499 1464 legatum
520 1407 590 1447 eum
611 1408 667 1448 sex
688 1387 868 1448 cohortibus
889 1385 1050 1464 reh‘nquit.
1087 1387 1198 1447 Castra

197 1484 231 1543 in
255 1484 454 1544 altitudinem
482 1486 598 1562 pedum
625 1504 677 1544 xr1
700 1486 785 1546 vallo
810 1486 956 1563 fossaque
981 1484 1198 1561 duodeviginti

197 1582 312 1660 pedum
327 1582 449 1642 munire
465 1582 559 1642 iubet.
1105 1560 1114 1577 θ

141 1676 172 1755 ἰς
237 1679 272 1743 6.
301 1680 353 1738 Ab
371 1679 421 1739 his
441 1680 552 1740 eastris
570 1681 719 1758 oppidum
742 1682 913 1741 Remorum
933 1680 1059 1740 nomine
1080 1680 1197 1739 Bibrax

197 1777 303 1836 aberat
318 1776 407 1836 milia
420 1797 569 1855 passuum
583 1785 662 1839 oot0.
698 1779 738 1837 Id
754 1798 793 1838 ex
812 1778 925 1839 itinere
945 1800 1058 1857 magno
1074 1780 1195 1859 impetu

195 1873 312 1950 Belgae
327 1892 507 1951 oppugnare
521 1880 699 1954 coeperunt.
736 1877 838 1954 Aegre
857 1898 894 1938 eo
913 1879 963 1940 die
982 1887 1195 1941 sustentatum

196 1976 254 2030 est.
302 1971 464 2031 Gallorum
489 1973 595 2032 eadem
620 1978 715 2050 atque
739 1974 906 2051 Belgarum
931 1979 1123 2057 oppugnatio
1148 1986 1197 2041 est

195 2069 280 2129 haee.
324 2068 389 2128 Ubi
404 2068 603 2129 circumiecta
617 2070 821 2131 multitudine
839 2072 1002 2135 hominum
1021 2081 1097 2138 totis
1117 2100 1197 2141 moe-

145 2193 174 2225 20
196 2165 288 2225 nibus
310 2165 450 2243 undique
474 2166 508 2224 in
530 2186 654 2226 murum
675 2167 796 2246 lapides
819 2170 879 2230 iaoi
900 2175 1003 2253 coepti
1024 2184 1106 2253 sunt,
1132 2200 1197 2239 mu-

196 2281 310 2339 rusque
330 2262 556 2322 defensoribus
566 2265 702 2324 nudatus
721 2273 779 2340 est,
800 2270 961 2331 testudine
982 2273 1068 2334 faeta
1087 2282 1195 2355 portas

196 2360 367 2419 succedunt
383 2380 567 2438 murumque
588 2362 750 2422 subruunt.
793 2366 883 2436 Quod
899 2374 968 2429 tum
982 2371 1075 2432 facile
1090 2374 1193 2434 fiebat.

195 2456 279 2516 Nam
294 2476 363 2517 oum
383 2462 473 2516 tanta
491 2458 661 2520 multitudo
679 2462 802 2541 lapides
822 2486 857 2527 ao
876 2469 941 2528 tela
960 2470 1145 2546 oonioerent,
1161 2474 1195 2533 in

194 2573 283 2614 muro
298 2553 490 2613 consistendi
506 2561 646 2633 potestas
661 2566 728 2620 erat
742 2565 832 2624 nulli.
869 2566 948 2627 Cum
967 2567 1058 2627 finem
1080 2589 1196 2648 oppug-

144 2677 171 2726 ²5
194 2651 290 2711 nandi
312 2671 374 2711 nox
395 2651 532 2726 fecisset,
553 2655 654 2717 ieoius
677 2659 804 2736 Remus,
828 2682 949 2724 summa
973 2664 1139 2726 nobilitate
1163 2672 1196 2726 et

194 2748 296 2824 gratia
309 2748 392 2817 inter
407 2767 488 2822 suos,
504 2750 559 2827 qui
576 2758 643 2813 tum
660 2758 776 2835 oppido
795 2761 984 2838 praefuerat,
999 2782 1081 2822 unus
1099 2782 1138 2823 ex
1155 2763 1194 2824 iis

194 2845 250 2922 qui
271 2844 368 2922 legati
391 2847 429 2906 de
454 2868 529 2927 paee
552 2851 592 2910 ad
615 2853 779 2914 Caesarem
802 2864 961 2932 venerant,
984 2860 1131 2920 nuntium
1155 2863 1195 2921 ad

1348 2412 1352 2479 l

194 2961 265 3001 eum
280 2942 396 3003 mittit:
418 2946 480 3006 nisi
496 2947 670 3009 subsidium
685 2951 746 3012 sibi
762 2954 975 3030 submittatur,
991 2976 1059 3018 sese
1074 2959 1194 3018 diutius

148 3054 151 3058 “
193 3039 349 3099 sustinere
363 3061 426 3101 non
440 3063 540 3121 posse.

143 3166 171 3211 3⁰
236 3136 277 3215 7,
296 3138 344 3197 Eo
363 3140 401 3197 de
418 3141 522 3200 media
538 3148 628 3203 noete
647 3145 762 3206 Caesar
775 3146 874 3207 isdem
894 3149 1025 3210 ducibus
1043 3171 1119 3212 usus
1139 3152 1193 3230 qui

193 3234 298 3294 nuntii
317 3236 357 3295 ab
375 3237 458 3297 Ieoio
477 3245 637 3316 venerant,
656 3242 811 3304 Numidas
831 3251 863 3305 et
882 3246 991 3307 Cretas
1013 3248 1192 3325 sagittarios
1245 3320 1248 3324 4

193 3338 225 3393 et
240 3333 416 3394 funditores
431 3335 578 3397 Baleares
593 3337 734 3399 subsidio
744 3340 908 3419 oppidanis
923 3343 1040 3421 mittit,
1060 3364 1192 3425 quorum
