2710 3750
432 85 590 150 omsnn's
614 101 747 150 enimc
770 101 857 151 wan

209 302 316 365 Oaeear
333 304 423 363 lenies
442 310 498 363 two
518 304 630 381 legions
650 307 715 364 ond
734 306 871 364 morales
889 309 1011 384 aquina
1028 308 1114 368 them.

201 415 235 481 2.
264 417 325 475 His
341 416 461 475 nuntiis
475 417 654 494 litterisque
666 425 840 478 commotus
855 424 904 478 est
914 420 1036 481 Caesar.
1073 422 1161 483 Duas

158 512 298 590 legiones
319 513 353 571 in
374 513 518 573 citeriore
541 514 645 574 Gallia
665 533 763 575 novas
784 517 977 594 conseripsit.
1020 518 1061 577 In
1085 519 1162 580 inte-

158 611 272 671 riorem
294 609 432 671 Galliam
456 610 511 688 qui
535 610 593 670 has
617 610 757 688 legiones
781 613 947 673 dediceret
968 614 1003 684 Q.
1027 614 1162 675 Pedium
1221 622 1224 630 ‘

158 710 298 787 legatum
326 707 420 766 misit.
464 707 546 784 Ipse,
572 726 643 767 eum
673 713 808 786 primum
837 709 947 788 pabuli
976 710 1067 788 eopia
1093 730 1162 773 esse

122 824 137 872 5
159 807 320 884 inciperet,
343 804 383 865 ad
404 804 576 863 exereitum
598 805 692 865 venit.
741 805 878 867 Senones
899 807 1032 891 finitimi
1053 808 1161 885 Belgis

159 910 255 965 erant.
275 892 281 919 s
297 904 346 963 Ea
360 895 444 980 quae'
454 903 538 980 apud
551 902 665 980 Belgas
681 910 832 979 geruntur
846 911 1038 981 cognoscunt
1053 905 1162 966 Caesa

158 1021 287 1080 remque
306 1001 344 1060 de
364 999 412 1058 his
432 1001 523 1059 rebus
546 1003 710 1060 certiorem
735 990 887 1061 laniunt(
909 1002 955 1060 Hi
980 1007 1161 1062 ‹ronstanter

159 1118 266 1160 omnes
277 1098 502 1179 nuntiaverunt
514 1117 623 1158 manus
636 1099 712 1174 cogi,
723 1100 894 1158 exereitum
906 1099 939 1157 in
951 1106 1046 1158 unum
1057 1099 1161 1159 looum

159 1184 422 1269 eondioiWTum
445 1201 518 1254 vero
539 1203 602 1254 non
625 1194 783 1254 dubitavit
808 1196 922 1255 Caesar
946 1201 1023 1272 quin
1046 1196 1086 1253 ad
1107 1214 1160 1255 eos

112 1325 139 1358 ιο
160 1293 414 1372 proficisceretur.
458 1293 570 1370 Itaque
593 1299 698 1352 eastra
721 1299 826 1350 movet
846 1290 1017 1368 diebusque
1036 1291 1161 1351 circiter

159 1391 336 1470 quindecim
350 1391 391 1451 ad
404 1391 485 1450 lines
500 1390 669 1466 Belginum
683 1388 836 1466 pervenit.

223 1507 358 1564 nfintlus,
371 1506 470 1555 rimor.
814 1508 897 1566 cogo,
911 1506 1022 1567 conligo.

223 1590 393 1638 finitimus:
412 1590 524 1649 vicinus,
535 1587 713 1650 propinquus.
814 1590 958 1646 condico,
972 1588 1085 1649 conligo:

223 1684 309 1733 gero:
329 1684 388 1735 ago,
397 1672 483 1734 socio.
817 1673 967 1731 pervenio,
981 1669 1083 1721 occido.

294 1824 355 1883 The
375 1824 468 1886 Remi
487 1833 520 1885 ut
540 1844 611 1885 oure
631 1827 711 1886 show
731 1826 779 1885 tlte
798 1827 884 1884 white
898 1827 1027 1901 sentiar.

202 1935 236 2004 3.
265 1938 312 1998 Eo
326 1938 365 1998 de
386 1938 555 2015 impreviso
577 1939 781 2017 celeriterque
795 1938 882 1998 venit
904 1939 1024 1999 Caesar.
1067 1938 1162 2000 Remi

160 2035 201 2095 ad
213 2055 285 2095 eum
298 2035 418 2111 legatos
433 2035 551 2094 Iooium
571 2040 604 2094 et
622 2035 910 2095 Andoeumborium
930 2040 1089 2111 miserunt,
1104 2036 1160 2114 qui

160 2132 305 2192 dixerunt
325 2151 358 2191 se
375 2131 480 2191 omnia
500 2132 535 2190 in
555 2131 649 2191 fidem
671 2138 765 2209 atque
782 2133 821 2190 ln
841 2138 1030 2210 potestatem
1051 2133 1160 2211 populi

160 2228 295 2288 Romani
316 2229 520 2306 permittere*
551 2234 569 2265 “
577 2228 670 2289 Remi
690 2247 791 2307 neque
812 2248 882 2290 oum
903 2230 1011 2306 Belgis
1030 2230 1160 2308 reliquis

124 2343 138 2390 5
160 2331 384 2386 consensorunt
402 2345 504 2405 neque
525 2334 634 2388 contra
654 2328 804 2406 populum
826 2329 1003 2389 Romanum
1024 2328 1161 2389 coniura-

161 2429 280 2483 verunt.
326 2412 435 2484 Parati
456 2432 531 2486 sunt
551 2428 675 2488 obsides
696 2430 770 2489 dare
792 2434 824 2489 et
845 2430 986 2491 Caesaris
1008 2430 1162 2509 imperita

160 2522 263 2581 faeere
272 2526 305 2581 et
314 2540 385 2581 eum
396 2523 521 2601 oppidis
530 2525 667 2602 recipere
677 2532 709 2586 et
718 2527 876 2586 frumento
887 2533 1059 2604 ceterisque
1069 2527 1160 2586 rebus

160 2619 277 2680 iuvare.
319 2620 448 2699 Reliqui
463 2641 569 2706 omnes
583 2623 699 2700 Belgae
714 2624 856 2685 inarmis
876 2630 958 2684 sunt.
1002 2622 1159 2696 Germani,

160 2717 215 2794 qui
239 2717 284 2778 ois
309 2717 454 2777 Rhenum
481 2718 631 2795 incolunt,
660 2727 728 2780 sese
752 2739 823 2780 oum
848 2720 897 2779 his
923 2720 1159 2779 coniunxerunt.

111 2843 139 2875 ιο
161 2817 281 2876 Tantus
297 2811 345 2877 est
360 2825 466 2877 eorum
478 2816 615 2876 omnium
631 2817 719 2876 furor
732 2821 769 2875 ut
783 2835 823 2875 ne
839 2817 1019 2876 Suessiones
1035 2815 1160 2893 quidem

161 2914 316 2975 deterrere
327 2914 450 2993 possint
461 2913 563 2973 Remi.
595 2914 777 2973 Suessiones
789 2912 904 2972 fratres
914 2914 1083 2972 Remorum
1093 2919 1165 2972 eom

161 3012 384 3089 sanguineique
396 3016 472 3071 sunt
481 3011 650 3089 eodemque
663 3008 728 3070 iure
738 3015 771 3069 et
780 3010 880 3069 isdem
890 3008 1011 3086 legibus
1020 3014 1159 3068 utuntur.

127 3103 130 3109 ’
161 3097 270 3171 Unum
287 3108 454 3187 imperium
470 3116 629 3187 unumque
644 3107 863 3184 magistratum
878 3126 950 3167 oum
964 3105 1003 3165 iis
1014 3103 1160 3166 habent.'’

110 3227 147 3274 de
158 3225 336 3284 impreviso:
356 3223 453 3283 subito,
464 3227 578 3285 repente.
645 3222 817 3271 consentio:
836 3221 954 3279 corioro,
966 3232 1007 3269 me
1019 3220 1160 3282 ooniouoo.

109 3306 344 3365 permittodado.
378 3322 406 3361 ,·
447 3296 466 3314 ”
516 3350 519 3363 ,
644 3302 949 3363 deterreo,dissurideo.
