2710 3750
429 548 468 612 o.
495 547 595 612 inni
627 545 855 611 0113331113

326 716 407 797 DE
451 715 647 798 BELLO
696 714 961 797 GALLICO

468 962 590 1012 MR
609 961 826 1011 andimus.

473 1117 537 1165 ΒΩ.
555 1118 610 1170 573
632 1118 737 1165 ΑΗΕ.
753 1118 823 1165 697.

324 1310 398 1359 THE
421 1309 582 1359 BELGIAN
604 1309 751 1359 LEAGUE
775 1309 980 1360 DEFEATED.

192 1482 222 1550 l.
251 1485 331 1546 Oum
344 1489 429 1544 esset
443 1484 557 1545 Caesar
571 1484 605 1542 in
619 1483 763 1544 citeriore
778 1482 883 1545 Gallia
897 1482 930 1541 in
944 1482 1097 1558 hibernis,
1106 1483 1153 1543 ita
1198 1486 1205 1543 2
1223 1524 1229 1537 ·
1247 1534 1251 1543 ,

65 1642 67 1646 ,
150 1582 200 1641 uti
215 1601 311 1660 supra
323 1580 616 1665 demonstravimus,
628 1580 728 1640 crebri
743 1581 868 1640 adeum
883 1599 1022 1639 rumores
1034 1580 1153 1640 adfere-

151 1679 274 1754 bantur,
290 1678 470 1755 litterisque
485 1677 561 1736 item
575 1677 706 1737 Labieni
720 1677 834 1737 certior
848 1677 944 1736 fiebat
961 1696 1068 1736 omues
1083 1675 1153 1735 Bel-

152 1795 215 1853 gae,
231 1784 325 1854 quam
339 1775 467 1835 tertiam
482 1793 550 1834 esse
566 1774 688 1836 Galliae
705 1780 827 1852 partem
841 1774 1028 1848 dixeramus,
1044 1780 1153 1833 contra

140 1876 143 1891 “
150 1857 302 1952 populum
322 1873 500 1932 Romanum
518 1872 680 1931 coniurare
701 1871 887 1948 obsidesque
908 1871 992 1930 inter
1012 1890 1046 1931 se
1067 1872 1149 1930 dare.
1177 1897 1187 1945 ⁵

113 1972 115 1977 ’
151 1970 342 2033 Coniurandi
356 1969 413 2028 has
429 1988 497 2028 esse
514 1988 638 2029 causas:
660 1969 797 2047 primum
815 1969 898 2045 quod
913 1976 1095 2028 vererentur
1111 1987 1151 2026 ne

150 2067 235 2127 omni
254 2073 366 2145 pacata
383 2066 488 2128 Gallia
505 2065 544 2124 ad
563 2085 616 2126 cos
635 2065 790 2125 exercitus
805 2067 1151 2142 nosteradduceretu13

150 2164 263 2224 deinde
278 2165 361 2241 quod
375 2164 415 2223 ab
428 2162 590 2222 nonnullis
606 2162 707 2224 Gallis
722 2162 976 2237 sollicitarentur,
986 2162 1151 2240 —partim

150 2261 214 2339 qui,
240 2265 277 2319 ut
302 2261 474 2320 Germanos
499 2259 618 2318 diutins
644 2259 678 2317 in
703 2259 808 2321 Gallia
831 2259 952 2321 versari
975 2259 1149 2335 noluerant,

150 2358 205 2419 ita·
220 2355 329 2435 populi
354 2354 489 2414 Romani
513 2355 685 2415 exercitum
712 2356 851 2415 hiemare
875 2361 970 2433 atque
998 2340 1150 2416 1111101013-
1175 2384 1203 2417 10

150 2472 235 2513 scere
256 2453 291 2511 in
313 2451 419 2512 Gallia
432 2444 571 2531 'moleste
592 2452 961 2608 ferebanffiiqqqui
975 2452 1151 2513 mobilitate

756 2569 777 2607 u

150 2556 182 2609 et
198 2549 329 2609 levitate
344 2548 442 2608 animi
458 2548 548 2607 novis
566 2548 707 2626 imperiis
724 2568 739 2608 s
903 2572 911 2625 3
933 2550 973 2609 ab
989 2550 1150 2610 nonnullis
1206 2552 1209 2559 '

149 2647 254 2724 ctiam,
277 2646 362 2724 quod
382 2644 424 2705 in,
438 2644 544 2706 Gallia
563 2664 583 2705 a
603 2646 832 2723 potentioribus
854 2653 949 2723 atque
971 2647 1011 2705 iis
1034 2647 1088 2724 qui
1111 2648 1152 2707 ad

148 2744 365 2804 conducendos
390 2742 533 2801 homines
559 2741 727 2801 facultates
749 2742 914 2821 habebant,
936 2744 1031 2820 vulgo
1056 2763 1152 2820 regna

148 2841 388 2918 occupabantur,
404 2840 459 2917 qui
476 2839 580 2898 minus
600 2839 693 2898 facile
713 2858 781 2899 eam
800 2859 865 2899 rem
886 2839 1019 2918 imperio
1040 2847 1149 2901 nostro
1176 2869 1200 2918 ις

148 2938 298 3015 consequi
312 2932 467 3015 poterant.

145 3028 224 3101 Ὗ.
252 3022 314 3099 His
332 3035 455 3094 nuntiis
472 3035 653 3113 litterisque
667 3041 839 3113 commotus
855 3037 969 3115 Caesar
983 3037 1060 3096 duas
1077 3037 1152 3114 legi-

147 3151 222 3192 ones
237 3132 271 3190 in
285 3131 430 3195 citeriore
446 3132 552 3192 Gallia
565 3152 662 3192 novas
678 3133 872 3211 conscripsit,
889 3114 920 3193 dt
935 3134 1017 3193 inita
1030 3140 1151 3194 aestate

147 3229 181 3287 in
183 3228 376 3336 ⁶{Interiorem
397 3228 534 3289 Galliam
552 3229 607 3306 qui
625 3224 792 3289 deduceiet
808 3230 843 3300 Q.
858 3231 992 3290 Pedium
1011 3231 1150 3308 legatum

147 3326 243 3386 misit.
290 3326 372 3405 Ipse,
395 3326 623 3405 cumprimum
648 3326 755 3404 pabuli
778 3325 867 3405 copia
891 3346 960 3387 esse
984 3328 1146 3406 inciperet,
1173 3358 1202 3389 20

1012 3450 1041 3496 23
