2710 3750
115 136 136 196 4
435 126 596 192 cnsan’s
618 141 752 190 nunno
775 141 865 192 wan

165 320 278 390 mugno
289 330 381 390 opere
392 311 574 372 eohortutus
585 316 644 375 ast.
679 310 896 390 Reipublicae
910 310 1044 372 interest
1058 329 1169 372 manua

128 425 144 473 s
164 409 305 470 hostium
319 407 473 484 distineri,
489 426 528 468 ne
542 426 614 468 oum
630 412 722 468 tanta
735 407 939 469 multitudine
953 414 1014 468 uno
1027 412 1169 487 tempore

165 505 394 583 eunflIgendum
414 504 465 565 sit.
507 504 548 565 Id
567 503 638 565 fieri
658 509 773 582 potest,
796 503 824 564 si
845 521 917 564 suas
938 504 1045 582 cupias
1066 504 1170 565 Aedui

165 603 199 662 in
212 603 295 662 fines
310 601 548 661 Bellovaourum
563 600 796 661 introduxerint
807 605 839 660 et
853 607 961 661 eurum
972 620 1063 678 agros
1074 621 1170 680 popu-

164 699 226 759 luri
237 698 405 776 coeperint.
442 698 502 758 His
516 698 675 758 mandutis
690 716 762 758 eum
775 697 815 758 ab
829 715 862 757 se
876 697 1018 758 dimittit.
1054 699 1171 759 Postea
1254 708 1260 721 ·

166 798 280 858 Caesar
300 813 408 855 omnes
429 793 597 872 Belgurum
619 794 725 873 cupias
746 794 780 854 in
802 800 898 854 unum
918 793 1022 855 locum
1046 801 1169 856 oouotas

118 919 145 952 ιο
166 894 206 954 ad
225 911 259 953 se
277 898 384 952 venire
403 892 484 951 vidit
502 910 604 972 neque
622 892 687 952 iam
704 890 797 969 longe
818 892 935 952 abesse.
977 893 1048 953 Huo
1068 892 1108 953 ab
1129 892 1170 951 iia

166 997 245 1068 quus
260 995 387 1049 miserat
401 989 652 1067 expluruturibus
667 994 700 1049 et
713 988 754 1049 ab
768 989 876 1050 Bumis
890 989 1046 1066 ougnuvit.
1089 989 1171 1048 Tum

166 1086 281 1146 flumen
301 1086 445 1146 Axonam
465 1086 636 1147 exercitum
650 1086 814 1146 truducero
829 1086 1002 1146 muturuvit
1015 1091 1111 1165 atque
1125 1085 1170 1145 ibi

99 1246 101 1252 ,
166 1191 270 1245 castra
288 1183 403 1262 posuit.
446 1184 530 1254 Quae
548 1201 599 1243 res
618 1182 703 1242 latus
721 1189 817 1242 unum
836 1188 1010 1242 eastrurum
1025 1182 1102 1259 rupis
1116 1181 1171 1241 flu-

167 1281 261 1341 minis
283 1280 443 1340 muniubat
457 1285 489 1339 et
504 1285 576 1357 post
589 1297 661 1339 eum
675 1297 755 1356 quae
768 1283 874 1337 essent
888 1284 959 1338 tuta
971 1278 1012 1337 ab
1025 1277 1169 1337 hostibus

118 1396 145 1442 15
168 1379 325 1438 reddebat.
368 1378 567 1438 Commeutus
587 1375 683 1435 etiam
702 1375 742 1435 ab
762 1373 870 1433 Bumis
889 1374 1079 1453 reliquisque
1098 1374 1170 1434 eivi-

167 1475 286 1536 tutibus
298 1475 365 1534 sine
378 1473 514 1552 perieulo
524 1472 644 1551 porturi
657 1477 811 1550 poterant.
854 1471 894 1530 Iu
905 1489 941 1531 eo
951 1470 1079 1531 flumine
1088 1479 1169 1549 pune

168 1578 243 1632 erat.
286 1571 337 1631 Ibi
359 1570 550 1649 praesidium
570 1569 661 1648 punit
682 1575 714 1629 et
737 1569 772 1628 in
795 1568 896 1628 altera
918 1577 1007 1647 parte
1030 1567 1169 1628 fluminis

167 1670 202 1740 Q.
221 1668 380 1728 Titurium
402 1668 550 1728 Sabinum
570 1665 710 1744 lugutum
731 1684 802 1727 oum
824 1684 880 1725 sex
900 1664 1080 1726 cohortibus
1103 1664 1171 1725 reli-

168 1766 257 1845 quit;
285 1771 389 1825 eastra
411 1763 446 1823 in
470 1763 672 1824 altitudinem
696 1763 811 1841 pedum
836 1782 888 1822 x11
913 1762 997 1823 rullo
1021 1762 1170 1840 fossuqua

117 1889 146 1920 ω
168 1862 384 1940 duoduvIginti
399 1861 512 1939 pedum
526 1866 645 1921 munire
659 1860 756 1921 iubet.

282 1997 381 2053 iubeo,
395 1995 502 2054 impero.
784 1994 922 2052 populor,
935 1992 1018 2042 tuate.

283 2081 394 2136 mugno
405 2089 503 2134 opere,
516 2074 686 2126 veliementer.
785 2078 868 2135 ougo,
877 2074 1003 2134 conduco,
1012 2075 1037 2123 2.

282 2161 417 2216 interest,
427 2158 548 2219 pertinet.
785 2161 943 2218 ougnuaoo.
956 2158 1067 2219 reperio,
1080 2156 1104 2207 4.

283 2242 421 2300 diotimo,
435 2240 532 2289 (uvido.
771 2276 774 2281 .
786 2243 914 2299 maturo,
922 2253 1044 2302 propero.

282 2324 428 2385 cunfligo:
442 2322 545 2385 puoto,
557 2322 664 2374 dimite.
785 2326 981 2383 commeatus,
994 2323 1076 2373 eibos.
1150 2326 1152 2331 ’

350 2507 430 2567 How
450 2508 498 2566 tlte
519 2507 621 2585 Belpoe
641 2509 692 2583 loy
712 2509 789 2585 eieqe
809 2514 839 2573 to
859 2525 881 2566 α
901 2514 986 2566 town.

208 2639 244 2704 6.
272 2637 324 2698 Ab
343 2637 392 2697 his
409 2637 521 2698 eastris
542 2637 693 2715 oppidum
714 2637 884 2698 Remorum
905 2634 1032 2696 numine
1051 2634 1171 2695 Bibrax

168 2737 276 2797 aberat
290 2734 378 2794 milia
390 2753 540 2812 passuum
553 2740 632 2794 ooto.
675 2734 715 2793 Id
732 2752 771 2793 ex
789 2733 901 2822 itinere
921 2739 1033 2807 mugno
1050 2731 1171 2809 impetu

167 2833 284 2911 Belgae
298 2839 477 2910 oppugnure
492 2835 671 2908 ooepurunt.
714 2828 817 2906 Aegre
833 2847 870 2889 ao
889 2828 940 2888 die
958 2833 1171 2888 sustentutum

168 2936 226 2991 est.
269 2930 431 2992 Gallorum
458 2928 566 2987 eadem
593 2932 689 3005 atque
712 2925 882 3003 Belgarum
905 2925 1098 3003 oppugnatio
1122 2930 1171 2984 est
1272 2984 1306 3023 ’,ἡ
1350 2976 1352 2983 .

132 3044 147 3091 5
169 3027 254 3087 haee.
297 3025 506 3088 circumiecta
519 3023 722 3084 multitudine
735 3022 899 3083 hominum
912 3022 990 3082 tutis
1008 3020 1170 3081 moenibus

168 3124 308 3202 undique
322 3123 356 3181 in
369 3129 492 3181 murum
506 3121 627 3199 lapides
643 3121 770 3181 iaciunt.
801 3119 867 3180 Ubi
881 3127 986 3180 murus
1001 3117 1171 3179 defensuri-

168 3223 227 3282 bus
241 3221 377 3281 nudutus
390 3226 450 3293 est,
462 3218 621 3279 testudine
635 3218 721 3280 faeta
734 3222 841 3296 portas
852 3218 1023 3279 suooudunt
1037 3222 1171 3277 murum·

168 3337 229 3398 qne
243 3317 408 3379 subruunt.
450 3316 540 3386 Quod
553 3321 622 3376 tum
637 3315 730 3377 faeile
744 3315 850 3376 liubat.
892 3315 976 3375 Nam
993 3332 1064 3375 oum
1081 3318 1171 3377 tanta
1261 3364 1266 3373 .
