2710 3750
620 133 720 182 soor<
741 134 781 181 11.
1181 114 1223 180 19

170 305 286 365 multos
306 322 405 364 annos
426 322 445 363 a
466 300 614 362 finitimis
636 299 798 378 exagitati,
813 306 968 360 consensu
984 306 1092 360 earum
1112 317 1174 359 om-

170 402 258 462 nium
272 401 355 461 huna
370 400 430 460 sibi
445 398 604 459 domicilio
619 398 722 458 locum
737 398 928 474 dalagarunt.

268 536 410 591 revertor,
424 532 511 589 redeo,
526 530 564 581 10.
771 531 884 588 aditus,
897 542 1024 588 accessus,
1039 527 1078 578 15.

268 618 405 673 canctus,
419 615 514 664 omnis.
768 615 903 671 conloco,
913 612 995 673 pane,
1009 610 1033 660 8.

268 699 402 758 agr-egio:
421 698 525 758 optime,
538 696 640 756 eximie,
654 694 678 746 8.
771 698 947 755 magnatus,
962 700 1043 753 orcus,
1056 693 1081 744 4.

268 783 436 839 despectus,
448 779 608 840 praeuectus.
773 778 884 836 obitus,
897 777 1028 835 interitus,
1042 775 1084 824 28.

268 864 388 922 Ianitor,
397 862 540 923 paulatim.
774 861 885 919 (lengo,
899 859 977 921 aliur,
991 859 1030 908 17.

308 1044 402 1101 From
423 1043 501 1100 their
519 1027 604 1100 erulis
624 1041 691 1117 they
711 1048 798 1100 11111111
818 1041 866 1099 the
887 1041 1034 1102 Romans.

212 1164 270 1231 30.
299 1152 348 1224 Ᾰο
376 1169 476 1241 primo
504 1162 642 1222 adventu
670 1161 827 1223 exereitus
855 1161 956 1221 nostri
983 1162 1106 1222 erabras
1133 1180 1174 1223 ex

171 1262 286 1340 oppido
310 1260 510 1320 excursianes
535 1260 694 1320 faeiabant
718 1258 921 1337 parvulisque
947 1259 1076 1337 proeliis
1100 1278 1173 1320 eum

171 1359 288 1418 nostris
306 1357 553 1432 contendabant3
575 1362 687 1435 postea
699 1356 785 1416 vallo
799 1357 916 1434 pedum
929 1375 983 1415 xr1
994 1356 1027 1416 in
1038 1356 1174 1417 circuitu

170 1475 217 1515 xv
230 1455 351 1514 milium
370 1455 548 1532 erabrisque
558 1454 705 1515 ,castellis
723 1453 955 1513 circummaniti
973 1454 1089 1532 oppido
1104 1460 1173 1514 sese

171 1553 381 1613 continebant.
424 1551 490 1611 Ubi
512 1551 611 1610 vineis
638 1551 716 1610 actis
739 1569 852 1627 aggere
877 1557 1036 1611 exstrauto
1057 1551 1172 1611 turrim
1194 1568 1209 1616 5

172 1649 279 1727 proeul
294 1648 446 1708 eanstitui
457 1649 612 1721 viderunt,
624 1653 759 1725 primum
770 1647 905 1707 inridare
920 1667 959 1706 ex
973 1655 1061 1707 maro
1076 1653 1171 1725 atque

170 1744 357 1823 increpitare
372 1745 501 1806 vaeibus
518 1750 696 1822 eoeparunt,
713 1745 797 1822 quod
814 1749 905 1804 tanta
922 1744 1113 1805 machinatio
1134 1745 1174 1804 ab

171 1846 260 1901 tanto
283 1842 386 1920 spatio
406 1847 633 1923 instrueretur:
656 1842 843 1918 quibusnam
865 1842 1008 1901 manibus
1031 1847 1086 1901 aut
1107 1841 1174 1920 qui-

172 1939 228 1998 bus
243 1940 362 2000 viribus
377 1939 561 2017 praesertim
575 1938 718 1998 homines
733 1938 875 1998 tantulae
897 1942 1035 1999 staturae
1058 1939 1172 1999 turrim

170 2034 253 2094 tanti
268 2037 370 2095 oneris
387 2036 418 2093 in
434 2043 521 2095 muro
536 2042 604 2096 ease
618 2035 780 2095 conlocare
794 2035 1016 2095 eanfiderent?
1194 2061 1224 2094 10

268 2168 425 2224 adventus,
437 2179 564 2226 moereas,
579 2166 619 2217 15.
737 2168 864 2226 ini-ideo,
877 2167 990 2217 daradeo.

269 2251 385 2306 orabat,
392 2248 529 2310 frequens,
544 2248 566 2296 1.
739 2251 895 2309 iuer-auito,
906 2250 1044 2300 meleravo.

269 2331 417 2397 excursio,
429 2330 540 2390 eruptio.
738 2335 883 2390 tantulus,
893 2333 1031 2394 paruulus.

269 2413 431 2471 eanstitua
442 2413 522 2473 pano.
738 2427 823 2475 onus,
832 2415 947 2476 pondua

215 2595 277 2654 But
295 2612 369 2653 soora
388 2595 455 2669 they
472 2595 532 2652 lose
550 2596 716 2671 wufideuee
735 2598 799 2655 and
817 2598 938 2673 offerto
958 2600 1128 2658 uuunder.

211 2713 264 2781 31.
288 2715 353 2775 Ubi
368 2721 441 2776 varo
458 2714 573 2774 turrim
594 2716 712 2775 morari
734 2723 766 2777 et
787 2719 1037 2797 adpropinquare
1058 2719 1173 2780 moeni·

170 2812 228 2872 bus
241 2813 395 2886 vitiarunt,
406 2831 488 2872 nova
498 2819 593 2890 atque
606 2812 758 2874 inasitata
772 2816 874 2893 speeie
889 2816 1037 2877 commati
1051 2817 1171 2894 lagatos

170 2911 210 2969 ad
224 2910 388 2971 Caesarem
403 2908 441 2968 de
456 2917 532 2986 paea
547 2915 707 2983 miserunt,
721 2910 776 2987 qui
790 2912 830 2971 ad
844 2911 927 2972 hunc
938 2914 1064 2972 modum
1074 2913 1172 2973 locati

170 3012 261 3066 sunt:
283 3005 443 3066 Aduatuci
461 3013 524 3066 nan
539 3006 722 3066 existimant
737 3008 895 3068 Ramanos
910 3008 978 3069 sine
993 3029 1052 3088 ope
1066 3010 1173 3070 divina

170 3103 287 3163 bellum
302 3121 416 3180 gerere,
432 3102 487 3180 qui
502 3108 610 3163 tantae
624 3104 803 3164 altitudinis
818 3105 1067 3166 machinatianes
1081 3112 1172 3167 tanta
1194 3120 1208 3168 5

169 3199 332 3260 eeleritate
358 3207 539 3277 pramovara
566 3200 708 3278 possiut;
736 3200 843 3279 itaque
867 3220 901 3262 se
926 3222 1043 3282 suaque
1067 3204 1174 3263 omnia

169 3304 277 3357 earum
304 3296 456 3376 potestati
482 3298 680 3375 permittunt.
734 3286 843 3359 Unum
871 3305 1003 3379 petunt:
1032 3300 1060 3359 si
1087 3302 1172 3361 farte
