2710 3750
584 106 693 153 ursan
715 107 752 155 11.
1157 90 1199 157 37

146 274 202 335 alii
217 273 391 335 subsidium
405 273 512 349 ferret,
528 291 630 351 neque
644 272 794 333 timerent
815 291 854 332 ne
875 273 976 333 aversi
998 274 1037 333 ab
1058 272 1149 332 hoste

146 370 454 446 circumvenirentur,
476 370 625 430 audacius
647 370 794 430 resistere
815 389 850 430 ac
872 370 988 430 fortius
1009 389 1149 449 pugnare

146 473 323 546 coeperunt.
366 467 499 527 Interim
522 446 640 526 milites
663 467 821 544 legionum
848 467 987 542 duarum,
1010 486 1089 545 quae
1114 468 1148 527 in

146 565 318 624 novissimo
329 566 452 641 agmine
464 564 620 643 praesidio
633 564 865 642 impedimentis
881 565 1016 641 fuerant,
1029 566 1148 643 proelio

145 663 291 722 nuntiato
313 681 405 722 cursu
428 662 559 721 incitato
581 661 614 719 in
636 680 757 721 summo
775 662 853 721 colle
868 662 907 721 ab
922 662 1065 723 hostibus
1080 682 1149 724 con·
1172 689 1183 737 ς

146 759 375 837 spiciebantnr3
398 766 430 819 et
449 761 483 818 T.
501 759 658 818 Labienus
680 759 791 818 castris
813 759 953 818 hostium
973 761 1093 837 potitus
1116 769 1147 822 et

146 875 185 916 ex
206 857 273 916 loco
295 857 453 934 superiore
476 875 555 933 quae
577 875 627 915 res
650 856 682 914 in
703 855 818 915 nostris
837 857 948 916 castris
964 864 1148 934 gererentur

146 954 343 1032 conspicatus
373 954 524 1013 decimam
552 953 706 1030 legionem
736 952 876 1012 subsidio
905 955 1020 1014 nostris
1049 956 1145 1016 misit.

145 1051 206 1121 Qui
228 1070 297 1110 cum
319 1071 358 1110 ex
380 1051 521 1128 equitum
545 1055 578 1110 et
599 1051 744 1110 calonum
765 1051 848 1128 fuga,
871 1071 932 1128 quo
954 1053 987 1110 in
1008 1053 1083 1114 loco·
1097 1073 1146 1115 res
1198 1060 1211 1157 l

145 1154 241 1221 esset,
266 1154 445 1226 quantoque
475 1148 506 1205 in
537 1147 675 1225 periculo
703 1156 736 1208 et
763 1156 866 1208 castra
893 1156 925 1208 et
951 1150 1089 1227 legiones
1114 1158 1146 1212 et
1171 1174 1197 1205 10

146 1245 316 1323 imperator
339 1253 523 1321 versaretur,
540 1245 769 1325 cognovissent,
791 1246 870 1304 nihil
892 1247 932 1306 ed
953 1247 1146 1309 celeritatem

101 1404 105 1409 ,
146 1343 206 1402 sibi
223 1341 336 1420 reliqui
351 1343 502 1403 fecerunt.
519 1334 523 1338 ¹

186 1439 241 1505 27.
271 1441 393 1499 Horum
408 1441 546 1505 adventu
560 1446 767 1500 tantarerum
782 1442 984 1501 commutatio
998 1448 1047 1501 est
1061 1443 1147 1505 facta
1196 1472 1201 1475 ·

144 1543 181 1597 ut
207 1537 431 1611 nostri,<etiam
454 1538 508 1614 qui
531 1538 713 1597 vulneribus
738 1539 874 1598 confecti
896 1540 1144 1617 procubuissent,

145 1635 243 1694 scutis
265 1634 366 1693 innixi
388 1635 539 1712 proelium
562 1636 827 1713 redintegrarent;
849 1641 916 1694 tum
935 1637 1058 1696 calones
1080 1657 1145 1715 per·
1170 1663 1194 1711 ις

144 1731 272 1792 territos
297 1731 404 1792 hostes
426 1733 598 1810 conspicati
620 1733 715 1792 etiam
737 1733 871 1791 inermes
893 1734 1022 1793 armatis
1043 1754 1146 1795 occur-

145 1837 269 1907 rerent;
304 1830 427 1910 equites
459 1849 541 1905 vero,
574 1837 609 1889 ut
641 1830 869 1908 turpitudinem
903 1831 995 1907 fugae
1027 1832 1145 1894 virtute

145 1929 295 2005 delerent,
320 1929 464 1989 omnibus
490 1929 523 1988 in
548 1929 624 1987 locis
661 1947 783 2006 pugnae
811 1948 873 2006 quo
900 1947 934 1988 se
964 1928 1144 2005 legionariis

145 2026 299 2087 militibus
322 2027 525 2106 praeferrent.
569 2026 614 2101 At
634 2025 741 2084 hostes
763 2025 857 2084 etiam
880 2024 912 2082 in
935 2035 1075 2087 extrema
1089 2045 1143 2105 spe

145 2124 257 2184 salutis
284 2131 406 2184 tantam
436 2125 585 2184 virtutem
618 2122 844 2200 praestiterunt
874 2128 919 2195 ut,
949 2140 1019 2181 curn
1050 2124 1144 2201 primi
1167 2153 1196 2185 πο

144 2239 251 2280 eorum
272 2221 468 2295 cecidissent,
491 2221 625 2298 proximi
649 2219 822 2291 iacentibus
845 2219 1027 2280 insisterent
1049 2226 1144 2298 atque

55 2392 58 2397 ἢ
144 2336 183 2377 ex
205 2336 311 2377 eorum
333 2318 511 2394 corporibus
535 2323 726 2395 pugnarent3
752 2316 802 2376 his
824 2316 953 2376 deiectis
975 2318 1007 2376 et
1028 2336 1145 2378 coacer-

144 2413 228 2474 vatis
242 2415 453 2488 cadaveribus,
470 2414 523 2492 qui
544 2420 744 2491 superessent
765 2419 801 2472 ut
822 2433 860 2472 ex
883 2414 1003 2473 tumulo
1026 2416 1091 2474 tela
1110 2416 1145 2474 in

144 2517 268 2571 nostros
282 2511 460 2572 conicerent
474 2518 506 2572 et
521 2512 587 2589 pila
601 2510 776 2588 intercepta
790 2511 1004 2570 remitterent:
1027 2519 1063 2570 ut
1081 2532 1144 2573 non

144 2609 334 2688 nequiquam
349 2614 456 2668 tantae
469 2608 597 2667 virtutis
612 2607 753 2666 homines
769 2606 900 2666 iudicari
912 2608 1039 2668 deberet
1052 2628 1143 2669 ausos
1166 2633 1193 2682 25

144 2725 212 2766 esse
238 2706 373 2766 transire
400 2706 591 2766 latissimum
623 2704 749 2780 flumen,
779 2705 944 2766 ascendere
972 2706 1143 2766 altissimas

143 2804 237 2882 ripas,
256 2803 359 2864 subire
382 2803 615 2882 iniquissimum
637 2803 757 2877 locum;
780 2820 859 2881 quae
881 2801 988 2862 facilia
1009 2822 1047 2861 ex
1068 2804 1145 2863 diffi-

143 2900 270 2961 cillimis
287 2900 382 2961 animi
399 2900 582 2977 magnitudo
598 2899 766 2977 redegerat.

185 2998 241 3064 28.
272 3001 340 3059 Hoc
354 2999 470 3076 proelio
485 3000 570 3059 facto
585 3005 617 3057 et
632 3017 727 3075 prope
743 2998 781 3057 ad
797 2997 1039 3058 internecionem
1052 3005 1143 3076 gente

143 3116 179 3156 ac
203 3097 327 3156 nomine
352 3096 540 3155 Nerviorum
567 3096 691 3154 redacto
716 3095 848 3154 maiores
871 3101 956 3169 natu,
978 3093 1059 3173 ‘quos
1082 3117 1144 3156 una
1167 3120 1194 3165 30

143 3213 214 3253 cnm
228 3194 332 3270 pueris
348 3192 593 3270 mulieribusque
610 3192 643 3250 in
661 3193 816 3252 aestuaria
833 3211 868 3251 ac
883 3193 1013 3270 paludes
1029 3194 1143 3253 coniec-

142 3296 192 3350 tos
212 3291 405 3365 dixeramus3
428 3290 486 3349 hac
500 3308 604 3366 pugna
618 3289 772 3364 nuntiata,
788 3308 859 3348 curn
874 3290 1046 3349 victoribus
1062 3290 1142 3349 nihil
