2710 3750
588 137 698 182 mnus
721 137 759 182 11.
1163 123 1205 185 35

195 301 252 368 23.
283 303 430 379 Legionis
445 322 545 364 nonae
566 308 599 363 et
619 303 759 363 decimae
773 303 900 379 milites,
916 310 952 362 ut
974 305 1005 361 in
1026 305 1156 364 sinistra

151 405 242 478 parte
257 399 322 459 acie
337 399 553 475 constiterant,
570 399 644 478 pilis
660 399 793 475 emissis,
809 419 902 459 cursu
917 419 952 460 ac
967 400 1155 461 lassitudine

151 496 346 556 exanimatos
361 496 606 574 vulneribusque
620 498 778 556 confectos
791 496 959 556 Atrebates
968 516 1089 557 —nam
1104 498 1154 558 his

152 613 190 654 ea
213 613 285 672 pars
310 594 680 656 obvenerat—celeriter
701 613 740 652 ex
765 594 833 652 loeo
858 594 1017 672 superiore
1044 596 1075 653 in
1101 595 1155 654 flu-

152 711 224 751 men
249 692 467 769 compulerunt
491 699 523 750 et
548 692 681 750 transire
707 697 855 751 conantes
880 692 1014 751 insecuti
1040 691 1153 768 gladiis
1179 718 1190 767 5

151 808 295 865 magnam
321 795 442 866 partem
467 807 574 848 eorum
597 789 781 866 impeditam
808 789 1042 848 interfecerunt.
1086 790 1154 867 Ipsi

150 887 287 945 transire
309 886 424 944 flumen
446 904 508 944 non
529 885 764 959 dubitaverunt,
780 892 812 944 et
834 886 865 943 in
888 886 988 945 locum
1010 886 1154 963 iniquum

151 984 317 1062 progressi,
336 1001 444 1042 rursus
466 982 650 1042 resistentes
672 982 778 1041 hostes
802 983 1013 1059 redintegrato
1037 983 1154 1059 proelio

151 1081 186 1140 in
201 1082 307 1157 fugam
321 1080 528 1140 coniecerunt.
571 1080 654 1138 Item
675 1080 737 1139 alia
758 1080 790 1138 in
813 1086 901 1157 parte
916 1080 1059 1139 diversae
1075 1081 1152 1140 duae

150 1178 299 1255 legioneS,
325 1178 490 1237 undecima
513 1182 546 1236 et
570 1184 689 1250 octava,
716 1176 889 1255 profligatis
917 1178 1152 1252 Verornanduis,
1179 1201 1204 1232 ιο

152 1276 335 1354 quibuscum
365 1281 454 1334 erant
482 1274 650 1352 congressi,
676 1292 716 1333 ex
739 1274 807 1334 loco
832 1276 990 1352 superiore
1016 1275 1049 1333 in
1074 1275 1153 1352 ipsis

151 1373 290 1432 fluminis
311 1372 390 1450 ripis
412 1372 653 1449 proeliabantur.
696 1373 742 1431 At
762 1371 839 1431 totis
861 1373 927 1432 fere
952 1391 971 1431 a
994 1373 1099 1432 fronte
1121 1378 1153 1432 et

152 1472 191 1530 ab
212 1470 340 1529 sinistra
361 1475 449 1546 parte
473 1468 601 1529 nudatis
625 1469 747 1544 castris,
769 1487 840 1529 cum
866 1467 899 1527 in
923 1469 1034 1528 dextro
1057 1488 1153 1529 cornu

69 1587 74 1597 ·
151 1568 233 1643 legio
255 1567 438 1627 duodecima
458 1572 490 1626 et
511 1586 574 1626 non
595 1585 707 1643 magno
725 1566 764 1625 ab
781 1585 818 1626 ea
835 1565 1003 1626 intervallo
1018 1567 1153 1644 septima

152 1665 356 1738 constitisset,
385 1683 491 1723 omnes
519 1664 630 1722 Nervii
659 1663 890 1724 confertissimo
919 1665 1042 1739 agmine
1073 1664 1151 1724 duce
1177 1690 1201 1738 ¹5

151 1763 357 1838 Boduognato
374 1761 428 1838 qui
446 1779 599 1820 summam
618 1760 729 1838 imperi
746 1761 883 1834 tenebat,
898 1762 938 1820 ad
958 1781 1029 1820 eum
1047 1762 1151 1821 locum

151 1861 396 1934 contenderunt3
422 1877 554 1936 quorum
578 1876 651 1935 pars
677 1865 784 1936 aperto
809 1859 907 1918 latere
932 1859 1070 1935 legiones
1096 1859 1153 1918 cir-

152 1957 338 2031 cumvenire,
355 1975 426 2033 pars
441 1974 597 2015 summum
612 1961 784 2015 castrorum
798 1956 901 2016 locum
917 1963 1023 2035 petere
1038 1957 1151 2034 coepit,

192 2054 249 2119 24.
277 2055 395 2113 Eodem
410 2058 550 2130 tempore
565 2054 686 2130 equites
702 2054 802 2113 nostri
816 2053 959 2131 levisque
975 2060 1151 2113 armaturae

151 2152 282 2228 pedites,
304 2150 359 2228 qni
381 2169 451 2208 oum
472 2150 512 2209 iis
536 2169 600 2209 una
624 2150 759 2226 fuerant,
782 2169 860 2228 quos
886 2151 986 2229 primo
1011 2151 1149 2210 hostium
1174 2180 1203 2212 ιο

151 2249 271 2324 impetu
299 2247 407 2324 pulsos
434 2247 584 2321 dixeram,
613 2265 684 2306 oum
713 2266 745 2307 se
774 2246 808 2305 in
835 2253 939 2307 castra
967 2248 1149 2325 reciperent,

152 2344 290 2403 adversis
305 2343 448 2403 hostibus
463 2343 666 2403 occurrebant
687 2362 722 2403 ac
743 2363 850 2403 rursus
869 2344 963 2404 aliam
981 2344 1013 2403 in
1029 2351 1151 2422 partem

152 2445 258 2518 fugam
280 2440 446 2518 petebant,
468 2445 500 2499 et
521 2441 654 2515 calones,
677 2441 731 2518 qui
753 2442 792 2501 ab
813 2442 985 2501 decumana
1004 2448 1095 2519 porta
1115 2460 1150 2502 ac

152 2558 272 2599 summo
293 2537 366 2614 iugo
387 2537 476 2596 collis
498 2543 621 2597 nostros
630 2537 771 2597 ‘victores
786 2536 902 2597 flumen
917 2539 1067 2598 transisse
1083 2558 1151 2598 con-

151 2642 327 2714 spexerant,
343 2635 513 2712 praedandi
536 2653 629 2694 causa
650 2636 776 2711 egressi,
793 2654 861 2694 oum
886 2636 1096 2713 respexissent
1118 2643 1150 2695 et
1173 2661 1199 2708 ²5

151 2734 255 2792 hostes
283 2733 318 2791 in
345 2732 461 2791 nostris
490 2731 601 2791 castris
627 2732 743 2791 versari
773 2732 935 2805 vidissent,
962 2734 1149 2810 praecipites

151 2831 243 2907 fugae
263 2848 331 2890 sese
352 2829 554 2888 mandabant.
599 2829 699 2888 Simul
721 2848 828 2888 eorum
850 2830 903 2906 qui
927 2849 996 2889 oum
1023 2830 1150 2907 impedi·

151 2929 264 2987 mentis
287 2927 454 2986 veniebant
475 2927 591 2986 clamor
613 2927 821 3004 fremitusque
843 2928 1010 3001 oriebatur,
1032 2928 1149 3005 aliique

151 3026 241 3085 aliam
264 3025 298 3083 in
319 3033 439 3102 partem
460 3023 619 3101 perterriti
635 3023 827 3082 ferebantur.
871 3024 988 3094 Quibus
1005 3026 1148 3085 omnibus

151 3124 240 3182 rebus
261 3121 395 3200 permoti
416 3121 539 3198 equites
561 3120 699 3195 Treveri,
715 3140 846 3198 quorum
870 3122 951 3181 inter
966 3123 1074 3182 Gallos
1090 3123 1150 3181 vir·
1172 3146 1200 3191 30

150 3219 231 3278 tutis
248 3219 355 3297 opinio
376 3224 425 3278 est
446 3217 624 3294 singularis,
641 3218 695 3295 qui
718 3219 814 3278 auxili
839 3238 932 3278 causa
956 3220 994 3278 ab
1019 3220 1147 3279 civitate

151 3317 188 3376 ad
209 3317 373 3377 Caesarem
395 3315 483 3374 missi
506 3321 666 3388 venerant,
689 3335 759 3375 cum
785 3316 987 3375 multitudine
1009 3317 1146 3377 hostium
