<?xml version="1.0" encoding="UTF-8"?>
<!DOCTYPE html PUBLIC "-//W3C//DTD XHTML 1.0 Transitional//EN"
    "http://www.w3.org/TR/xhtml1/DTD/xhtml1-transitional.dtd">
<html xmlns="http://www.w3.org/1999/xhtml" xml:lang="en" lang="en">
 <head>
  <title>
</title>
<meta http-equiv="Content-Type" content="text/html;charset=utf-8" />
  <meta name='ocr-system' content='tesseract 3.04.00' />
  <meta name='ocr-capabilities' content='ocr_page ocr_carea ocr_par ocr_line ocrx_word'/>
</head>
<body>
  <div class='ocr_page' id='page_1' title='image "./gatetocaesarbyw02collgoog_0027.png"; bbox 0 0 2710 3750; ppageno 0'>
   <div class='ocr_carea' id='block_1_1' title="bbox 141 130 894 211">
    <p class='ocr_par' dir='ltr' id='par_1_1' title="bbox 141 130 894 211">
     <span class='ocr_line' id='line_1_1' title="bbox 141 130 894 211; baseline -0.004 0"><span class='ocrx_word' id='word_1_1' title='bbox 141 146 185 211; x_wconf 81' lang='lat'>12</span> <span class='ocrx_word' id='word_1_2' title='bbox 465 144 625 211; x_wconf 71' lang='lat' dir='ltr'>cmsna’s</span> <span class='ocrx_word' id='word_1_3' title='bbox 648 159 782 208; x_wconf 75' lang='lat' dir='ltr'>cnmrc</span> <span class='ocrx_word' id='word_1_4' title='bbox 799 130 894 209; x_wconf 67' lang='lat' dir='ltr'>&#39;waa</span> 
     </span>
    </p>
   </div>
   <div class='ocr_carea' id='block_1_2' title="bbox 191 327 1201 503">
    <p class='ocr_par' dir='ltr' id='par_1_2' title="bbox 191 327 1201 503">
     <span class='ocr_line' id='line_1_2' title="bbox 191 327 1201 408; baseline 0.001 -18"><span class='ocrx_word' id='word_1_5' title='bbox 191 329 260 390; x_wconf 87' lang='lat' dir='ltr'>ioco</span> <span class='ocrx_word' id='word_1_6' title='bbox 284 330 456 390; x_wconf 90' lang='lat' dir='ltr'>secundum</span> <span class='ocrx_word' id='word_1_7' title='bbox 480 329 596 389; x_wconf 79' lang='lat' dir='ltr'>flamen</span> <span class='ocrx_word' id='word_1_8' title='bbox 620 346 738 406; x_wconf 88' lang='lat' dir='ltr'>paucae</span> <span class='ocrx_word' id='word_1_9' title='bbox 762 328 916 389; x_wconf 83' lang='lat' dir='ltr'>stationes</span> <span class='ocrx_word' id='word_1_10' title='bbox 945 327 1090 408; x_wconf 89' lang='lat' dir='ltr'>equitum</span> <span class='ocrx_word' id='word_1_11' title='bbox 1115 328 1201 391; x_wconf 76' lang='lat' dir='ltr'>vida-</span> 
     </span>
     <span class='ocr_line' id='line_1_3' title="bbox 191 425 1143 503; baseline 0 -16"><span class='ocrx_word' id='word_1_12' title='bbox 191 425 318 487; x_wconf 85' lang='lat' dir='ltr'>bantur.</span> <span class='ocrx_word' id='word_1_13' title='bbox 362 425 517 485; x_wconf 81' lang='lat' dir='ltr'>Flaminis</span> <span class='ocrx_word' id='word_1_14' title='bbox 533 430 600 486; x_wconf 85' lang='lat' dir='ltr'>erat</span> <span class='ocrx_word' id='word_1_15' title='bbox 615 425 751 486; x_wconf 82' lang='lat' dir='ltr'>altitudo</span> <span class='ocrx_word' id='word_1_16' title='bbox 765 426 882 503; x_wconf 90' lang='lat' dir='ltr'>pedum</span> <span class='ocrx_word' id='word_1_17' title='bbox 896 425 1022 486; x_wconf 80' lang='lat' dir='ltr'>circiter</span> <span class='ocrx_word' id='word_1_18' title='bbox 1036 426 1143 487; x_wconf 84' lang='lat' dir='ltr'>trium.</span> 
     </span>
    </p>
   </div>
   <div class='ocr_carea' id='block_1_3' title="bbox 339 541 1044 848">
    <p class='ocr_par' dir='ltr' id='par_1_3' title="bbox 339 541 1044 848">
     <span class='ocr_line' id='line_1_4' title="bbox 340 541 995 600; baseline -0.005 -9"><span class='ocrx_word' id='word_1_19' title='bbox 340 555 503 600; x_wconf 87' lang='lat' dir='ltr'>summum,</span> <span class='ocrx_word' id='word_1_20' title='bbox 515 541 626 590; x_wconf 80' lang='lat' dir='ltr'>culmen.</span> <span class='ocrx_word' id='word_1_21' title='bbox 743 541 902 599; x_wconf 69' lang='lat' dir='ltr'>inmorsus,</span> <span class='ocrx_word' id='word_1_22' title='bbox 915 541 995 591; x_wconf 80' lang='lat' dir='ltr'>intro.</span> 
     </span>
     <span class='ocr_line' id='line_1_5' title="bbox 340 623 1044 684; baseline 0.001 -12"><span class='ocrx_word' id='word_1_23' title='bbox 340 625 475 682; x_wconf 74' lang='lat' dir='ltr'>declivis,</span> <span class='ocrx_word' id='word_1_24' title='bbox 485 624 618 684; x_wconf 67' lang='lat' dir='ltr'>practicis.</span> <span class='ocrx_word' id='word_1_25' title='bbox 743 624 918 681; x_wconf 84' lang='lat' dir='ltr'>inocculto,</span> <span class='ocrx_word' id='word_1_26' title='bbox 929 623 1044 674; x_wconf 75' lang='lat' dir='ltr'>obditos.</span> 
     </span>
     <span class='ocr_line' id='line_1_6' title="bbox 339 705 988 767; baseline -0.003 -13"><span class='ocrx_word' id='word_1_27' title='bbox 339 720 440 766; x_wconf 80' lang='lat' dir='ltr'>vergo,</span> <span class='ocrx_word' id='word_1_28' title='bbox 449 707 576 767; x_wconf 73' lang='lat' dir='ltr'><strong><em>pertineo.</em></strong></span> <span class='ocrx_word' id='word_1_29' title='bbox 745 707 846 764; x_wconf 83' lang='lat' dir='ltr'>statio,</span> <span class='ocrx_word' id='word_1_30' title='bbox 860 705 988 755; x_wconf 79' lang='lat' dir='ltr'>eustadio.</span> 
     </span>
     <span class='ocr_line' id='line_1_7' title="bbox 340 786 930 848; baseline 0 -11"><span class='ocrx_word' id='word_1_31' title='bbox 340 793 457 848; x_wconf 74' lang='lat' dir='ltr'>nascor,</span> <span class='ocrx_word' id='word_1_32' title='bbox 471 789 553 848; x_wconf 82' lang='lat' dir='ltr'>orior,</span> <span class='ocrx_word' id='word_1_33' title='bbox 566 786 590 835; x_wconf 87' lang='grc'>4.</span> <span class='ocrx_word' id='word_1_34' title='bbox 742 788 872 847; x_wconf 85' lang='lat' dir='ltr'>circiter,</span> <span class='ocrx_word' id='word_1_35' title='bbox 887 787 930 837; x_wconf 85' lang='lat' dir='ltr'>cd.</span> 
     </span>
    </p>
   </div>
   <div class='ocr_carea' id='block_1_4' title="bbox 210 954 1181 1031">
    <p class='ocr_par' dir='ltr' id='par_1_4' title="bbox 210 954 1181 1031">
     <span class='ocr_line' id='line_1_8' title="bbox 210 954 1181 1031; baseline 0 -16"><span class='ocrx_word' id='word_1_36' title='bbox 210 956 271 1015; x_wconf 75' lang='lat' dir='ltr'>The</span> <span class='ocrx_word' id='word_1_37' title='bbox 285 956 360 1031; x_wconf 80' lang='lat' dir='ltr'>pica</span> <span class='ocrx_word' id='word_1_38' title='bbox 377 956 415 1030; x_wconf 88' lang='lat' dir='ltr'>os</span> <span class='ocrx_word' id='word_1_39' title='bbox 427 955 527 1014; x_wconf 70' lang='lat' dir='ltr'>attach</span> <span class='ocrx_word' id='word_1_40' title='bbox 543 957 571 1013; x_wconf 79' lang='lat' dir='ltr'>is</span> <span class='ocrx_word' id='word_1_41' title='bbox 586 954 721 1030; x_wconf 75' lang='lat' dir='ltr'>stilsnlly</span> <span class='ocrx_word' id='word_1_42' title='bbox 737 956 858 1014; x_wconf 80' lang='lat' dir='ltr'>carried</span> <span class='ocrx_word' id='word_1_43' title='bbox 876 961 928 1012; x_wconf 80' lang='lat' dir='ltr'>oct</span> <span class='ocrx_word' id='word_1_44' title='bbox 947 956 983 1030; x_wconf 80' lang='lat' dir='ltr'>by</span> <span class='ocrx_word' id='word_1_45' title='bbox 1000 955 1047 1014; x_wconf 80' lang='lat' dir='ltr'>the</span> <span class='ocrx_word' id='word_1_46' title='bbox 1065 956 1181 1016; x_wconf 80' lang='lat' dir='ltr'>Nervii.</span> 
     </span>
    </p>
   </div>
   <div class='ocr_carea' id='block_1_5' title="bbox 144 1074 1199 3241">
    <p class='ocr_par' dir='ltr' id='par_1_5' title="bbox 192 1074 1199 1445">
     <span class='ocr_line' id='line_1_9' title="bbox 232 1074 1199 1153; baseline -0.001 -17"><span class='ocrx_word' id='word_1_47' title='bbox 232 1075 287 1141; x_wconf 83' lang='grc'>19.</span> <span class='ocrx_word' id='word_1_48' title='bbox 319 1076 434 1136; x_wconf 83' lang='lat' dir='ltr'>Caesar</span> <span class='ocrx_word' id='word_1_49' title='bbox 458 1074 603 1153; x_wconf 90' lang='lat' dir='ltr'>equitatu</span> <span class='ocrx_word' id='word_1_50' title='bbox 627 1080 798 1152; x_wconf 90' lang='lat' dir='ltr'>praemisso</span> <span class='ocrx_word' id='word_1_51' title='bbox 826 1074 1075 1152; x_wconf 73' lang='lat' dir='ltr'>subsequebatur</span> <span class='ocrx_word' id='word_1_52' title='bbox 1102 1076 1199 1136; x_wconf 90' lang='lat' dir='ltr'>omni-</span> 
     </span>
     <span class='ocr_line' id='line_1_10' title="bbox 192 1171 1199 1250; baseline 0 -17"><span class='ocrx_word' id='word_1_53' title='bbox 192 1172 251 1233; x_wconf 88' lang='lat' dir='ltr'>bus</span> <span class='ocrx_word' id='word_1_54' title='bbox 265 1171 372 1250; x_wconf 81' lang='lat' dir='ltr'>copiis.</span> <span class='ocrx_word' id='word_1_55' title='bbox 417 1171 478 1232; x_wconf 88' lang='lat' dir='ltr'>Sed</span> <span class='ocrx_word' id='word_1_56' title='bbox 492 1171 576 1249; x_wconf 88' lang='lat' dir='ltr'>quod</span> <span class='ocrx_word' id='word_1_57' title='bbox 593 1172 633 1229; x_wconf 87' lang='lat' dir='ltr'>ad</span> <span class='ocrx_word' id='word_1_58' title='bbox 650 1171 757 1230; x_wconf 88' lang='lat' dir='ltr'>hostes</span> <span class='ocrx_word' id='word_1_59' title='bbox 777 1171 1056 1249; x_wconf 61' lang='lat' dir='ltr'>adpropinquabat,</span> <span class='ocrx_word' id='word_1_60' title='bbox 1072 1179 1199 1233; x_wconf 82' lang='lat' dir='ltr'>consua-</span> 
     </span>
     <span class='ocr_line' id='line_1_11' title="bbox 192 1268 1196 1347; baseline 0.002 -19"><span class='ocrx_word' id='word_1_61' title='bbox 192 1269 301 1329; x_wconf 85' lang='lat' dir='ltr'>tridine</span> <span class='ocrx_word' id='word_1_62' title='bbox 331 1287 389 1328; x_wconf 88' lang='lat' dir='ltr'>sua</span> <span class='ocrx_word' id='word_1_63' title='bbox 417 1286 473 1328; x_wconf 81' lang='lat' dir='ltr'>sex</span> <span class='ocrx_word' id='word_1_64' title='bbox 502 1268 641 1343; x_wconf 68' lang='lat' dir='ltr'>legiones</span> <span class='ocrx_word' id='word_1_65' title='bbox 671 1268 835 1345; x_wconf 86' lang='lat' dir='ltr'>expeditas</span> <span class='ocrx_word' id='word_1_66' title='bbox 863 1268 1011 1345; x_wconf 79' lang='lat' dir='ltr'>dicabat3</span> <span class='ocrx_word' id='word_1_67' title='bbox 1043 1276 1115 1347; x_wconf 88' lang='lat' dir='ltr'>post</span> <span class='ocrx_word' id='word_1_68' title='bbox 1143 1289 1196 1330; x_wconf 85' lang='lat' dir='ltr'>eas</span> 
     </span>
     <span class='ocr_line' id='line_1_12' title="bbox 192 1356 1199 1445; baseline 0.002 -20"><span class='ocrx_word' id='word_1_69' title='bbox 192 1372 291 1427; x_wconf 77' lang='lat' dir='ltr'>tatius</span> <span class='ocrx_word' id='word_1_70' title='bbox 309 1365 464 1425; x_wconf 81' lang='lat' dir='ltr'>exercitus</span> <span class='ocrx_word' id='word_1_71' title='bbox 485 1356 709 1442; x_wconf 86' lang='lat' dir='ltr'>impedimenta</span> <span class='ocrx_word' id='word_1_72' title='bbox 726 1364 921 1439; x_wconf 74' lang='lat' dir='ltr'>conlocaret,</span> <span class='ocrx_word' id='word_1_73' title='bbox 943 1365 1016 1425; x_wconf 90' lang='lat' dir='ltr'>inde</span> <span class='ocrx_word' id='word_1_74' title='bbox 1031 1367 1110 1426; x_wconf 90' lang='lat' dir='ltr'>duae</span> <span class='ocrx_word' id='word_1_75' title='bbox 1124 1366 1199 1445; x_wconf 87' lang='lat' dir='ltr'>legi-</span> 
     </span>
    </p>

    <p class='ocr_par' dir='ltr' id='par_1_6' title="bbox 156 1461 1199 1926">
     <span class='ocr_line' id='line_1_13' title="bbox 156 1461 1199 1541; baseline -0.001 -17"><span class='ocrx_word' id='word_1_76' title='bbox 156 1480 171 1529; x_wconf 86' lang='lat' dir='ltr'>s</span> <span class='ocrx_word' id='word_1_77' title='bbox 192 1471 276 1538; x_wconf 82' lang='lat' dir='ltr'>ones,</span> <span class='ocrx_word' id='word_1_78' title='bbox 292 1481 372 1541; x_wconf 89' lang='lat' dir='ltr'>quae</span> <span class='ocrx_word' id='word_1_79' title='bbox 387 1461 528 1539; x_wconf 80' lang='lat' dir='ltr'>proxime</span> <span class='ocrx_word' id='word_1_80' title='bbox 545 1466 740 1538; x_wconf 69' lang='lat' dir='ltr'>conscriptae</span> <span class='ocrx_word' id='word_1_81' title='bbox 757 1467 856 1536; x_wconf 90' lang='lat' dir='ltr'>erant,</span> <span class='ocrx_word' id='word_1_82' title='bbox 871 1466 975 1521; x_wconf 85' lang='lat' dir='ltr'>totum</span> <span class='ocrx_word' id='word_1_83' title='bbox 993 1470 1105 1540; x_wconf 85' lang='lat' dir='ltr'>agmen</span> <span class='ocrx_word' id='word_1_84' title='bbox 1118 1464 1199 1524; x_wconf 89' lang='lat' dir='ltr'>olau-</span> 
     </span>
     <span class='ocr_line' id='line_1_14' title="bbox 192 1558 1196 1637; baseline -0.003 -16"><span class='ocrx_word' id='word_1_85' title='bbox 192 1561 308 1621; x_wconf 79' lang='lat' dir='ltr'>dabant</span> <span class='ocrx_word' id='word_1_86' title='bbox 322 1558 541 1637; x_wconf 83' lang='lat' dir='ltr'>praesidiaque</span> <span class='ocrx_word' id='word_1_87' title='bbox 556 1558 790 1636; x_wconf 84' lang='lat' dir='ltr'>impedimentis</span> <span class='ocrx_word' id='word_1_88' title='bbox 806 1564 904 1622; x_wconf 86' lang='lat' dir='ltr'>erant.</span> <span class='ocrx_word' id='word_1_89' title='bbox 937 1560 1071 1637; x_wconf 85' lang='lat' dir='ltr'>Equites</span> <span class='ocrx_word' id='word_1_90' title='bbox 1086 1560 1196 1634; x_wconf 90' lang='lat' dir='ltr'>nostri,</span> 
     </span>
     <span class='ocr_line' id='line_1_15' title="bbox 192 1655 1197 1733; baseline -0.001 -16"><span class='ocrx_word' id='word_1_91' title='bbox 192 1677 264 1718; x_wconf 90' lang='lat' dir='ltr'>cum</span> <span class='ocrx_word' id='word_1_92' title='bbox 285 1655 497 1716; x_wconf 78' lang='lat' dir='ltr'>funditoribus</span> <span class='ocrx_word' id='word_1_93' title='bbox 520 1655 754 1733; x_wconf 76' lang='lat' dir='ltr'>sagittariisque</span> <span class='ocrx_word' id='word_1_94' title='bbox 775 1655 890 1715; x_wconf 81' lang='lat' dir='ltr'>flamen</span> <span class='ocrx_word' id='word_1_95' title='bbox 912 1656 1110 1733; x_wconf 75' lang='lat' dir='ltr'>transgressi,</span> <span class='ocrx_word' id='word_1_96' title='bbox 1126 1676 1197 1718; x_wconf 91' lang='lat' dir='ltr'>cum</span> 
     </span>
     <span class='ocr_line' id='line_1_16' title="bbox 192 1751 1197 1831; baseline -0.002 -16"><span class='ocrx_word' id='word_1_97' title='bbox 192 1753 332 1815; x_wconf 91' lang='lat' dir='ltr'>hostium</span> <span class='ocrx_word' id='word_1_98' title='bbox 351 1753 496 1831; x_wconf 91' lang='lat' dir='ltr'>equitatu</span> <span class='ocrx_word' id='word_1_99' title='bbox 514 1751 668 1830; x_wconf 90' lang='lat' dir='ltr'>proelium</span> <span class='ocrx_word' id='word_1_100' title='bbox 686 1758 916 1812; x_wconf 77' lang='lat' dir='ltr'>commisarunt.</span> <span class='ocrx_word' id='word_1_101' title='bbox 959 1753 1015 1812; x_wconf 85' lang='lat' dir='ltr'>illi</span> <span class='ocrx_word' id='word_1_102' title='bbox 1032 1771 1066 1813; x_wconf 88' lang='lat' dir='ltr'>se</span> <span class='ocrx_word' id='word_1_103' title='bbox 1083 1753 1197 1814; x_wconf 91' lang='lat' dir='ltr'>identi-</span> 
     </span>
     <span class='ocr_line' id='line_1_17' title="bbox 192 1848 1198 1926; baseline -0.002 -15"><span class='ocrx_word' id='word_1_104' title='bbox 192 1852 263 1911; x_wconf 92' lang='lat' dir='ltr'>dem</span> <span class='ocrx_word' id='word_1_105' title='bbox 283 1850 316 1909; x_wconf 90' lang='lat' dir='ltr'>in</span> <span class='ocrx_word' id='word_1_106' title='bbox 335 1849 432 1909; x_wconf 90' lang='lat' dir='ltr'>silvas</span> <span class='ocrx_word' id='word_1_107' title='bbox 451 1849 493 1909; x_wconf 91' lang='lat' dir='ltr'>ad</span> <span class='ocrx_word' id='word_1_108' title='bbox 509 1867 582 1908; x_wconf 90' lang='lat' dir='ltr'>suos</span> <span class='ocrx_word' id='word_1_109' title='bbox 602 1848 795 1926; x_wconf 78' lang='lat' dir='ltr'>recipiebant</span> <span class='ocrx_word' id='word_1_110' title='bbox 817 1857 852 1909; x_wconf 93' lang='lat' dir='ltr'>ac</span> <span class='ocrx_word' id='word_1_111' title='bbox 874 1857 979 1921; x_wconf 75' lang='lat' dir='ltr'>rarsus</span> <span class='ocrx_word' id='word_1_112' title='bbox 1001 1868 1041 1909; x_wconf 82' lang='lat' dir='ltr'>ex</span> <span class='ocrx_word' id='word_1_113' title='bbox 1062 1850 1144 1910; x_wconf 86' lang='lat' dir='ltr'>silva</span> <span class='ocrx_word' id='word_1_114' title='bbox 1163 1851 1198 1909; x_wconf 91' lang='lat' dir='ltr'>in</span> 
     </span>
    </p>

    <p class='ocr_par' dir='ltr' id='par_1_7' title="bbox 144 1945 1197 2412">
     <span class='ocr_line' id='line_1_18' title="bbox 144 1945 1197 2026; baseline 0.002 -21"><span class='ocrx_word' id='word_1_115' title='bbox 144 1965 171 1998; x_wconf 89' lang='lat'>10</span> <span class='ocrx_word' id='word_1_116' title='bbox 193 1953 316 2006; x_wconf 89' lang='lat' dir='ltr'>nostros</span> <span class='ocrx_word' id='word_1_117' title='bbox 337 1946 491 2023; x_wconf 89' lang='lat' dir='ltr'>impetum</span> <span class='ocrx_word' id='word_1_118' title='bbox 511 1945 677 2005; x_wconf 77' lang='lat' dir='ltr'>saciabant.</span> <span class='ocrx_word' id='word_1_119' title='bbox 721 1945 855 2005; x_wconf 88' lang='lat' dir='ltr'>Interim</span> <span class='ocrx_word' id='word_1_120' title='bbox 876 1946 1016 2022; x_wconf 82' lang='lat' dir='ltr'>legianes</span> <span class='ocrx_word' id='word_1_121' title='bbox 1037 1966 1100 2021; x_wconf 84' lang='lat' dir='ltr'>sex,</span> <span class='ocrx_word' id='word_1_122' title='bbox 1117 1967 1197 2026; x_wconf 82' lang='lat' dir='ltr'>quae</span> 
     </span>
     <span class='ocr_line' id='line_1_19' title="bbox 192 2042 1195 2122; baseline 0.001 -20"><span class='ocrx_word' id='word_1_123' title='bbox 192 2050 310 2122; x_wconf 90' lang='lat' dir='ltr'>primae</span> <span class='ocrx_word' id='word_1_124' title='bbox 324 2049 484 2116; x_wconf 77' lang='lat' dir='ltr'>venerant,</span> <span class='ocrx_word' id='word_1_125' title='bbox 500 2060 593 2118; x_wconf 90' lang='lat' dir='ltr'>opere</span> <span class='ocrx_word' id='word_1_126' title='bbox 611 2042 751 2101; x_wconf 79' lang='lat' dir='ltr'>dimenso</span> <span class='ocrx_word' id='word_1_127' title='bbox 766 2047 870 2101; x_wconf 89' lang='lat' dir='ltr'>castra</span> <span class='ocrx_word' id='word_1_128' title='bbox 884 2050 1003 2102; x_wconf 78' lang='lat' dir='ltr'>marrire</span> <span class='ocrx_word' id='word_1_129' title='bbox 1017 2050 1195 2121; x_wconf 68' lang='lat' dir='ltr'>coeptarunt.</span> 
     </span>
     <span class='ocr_line' id='line_1_20' title="bbox 194 2138 1197 2218; baseline 0 -18"><span class='ocrx_word' id='word_1_130' title='bbox 194 2140 259 2201; x_wconf 92' lang='lat' dir='ltr'>Ubi</span> <span class='ocrx_word' id='word_1_131' title='bbox 283 2145 384 2218; x_wconf 79' lang='lat' dir='ltr'>prIma</span> <span class='ocrx_word' id='word_1_132' title='bbox 407 2139 633 2216; x_wconf 89' lang='lat' dir='ltr'>impedimenta</span> <span class='ocrx_word' id='word_1_133' title='bbox 657 2138 758 2198; x_wconf 88' lang='lat' dir='ltr'>nostri</span> <span class='ocrx_word' id='word_1_134' title='bbox 781 2139 938 2198; x_wconf 81' lang='lat' dir='ltr'>exercitus</span> <span class='ocrx_word' id='word_1_135' title='bbox 962 2140 1002 2200; x_wconf 90' lang='lat' dir='ltr'>ab</span> <span class='ocrx_word' id='word_1_136' title='bbox 1024 2140 1064 2200; x_wconf 91' lang='lat' dir='ltr'>iis</span> <span class='ocrx_word' id='word_1_137' title='bbox 1088 2140 1197 2218; x_wconf 90' lang='lat' dir='ltr'>quiin</span> 
     </span>
     <span class='ocr_line' id='line_1_21' title="bbox 192 2234 1195 2315; baseline 0.001 -19"><span class='ocrx_word' id='word_1_138' title='bbox 192 2237 283 2297; x_wconf 89' lang='lat' dir='ltr'>silvis</span> <span class='ocrx_word' id='word_1_139' title='bbox 306 2235 406 2296; x_wconf 89' lang='lat' dir='ltr'>abditi</span> <span class='ocrx_word' id='word_1_140' title='bbox 431 2234 571 2294; x_wconf 79' lang='lat' dir='ltr'>latebant</span> <span class='ocrx_word' id='word_1_141' title='bbox 598 2240 666 2294; x_wconf 88' lang='lat' dir='ltr'>visa</span> <span class='ocrx_word' id='word_1_142' title='bbox 690 2240 773 2311; x_wconf 90' lang='lat' dir='ltr'>sunt,</span> <span class='ocrx_word' id='word_1_143' title='bbox 797 2235 902 2296; x_wconf 89' lang='lat' dir='ltr'>subito</span> <span class='ocrx_word' id='word_1_144' title='bbox 930 2236 1074 2297; x_wconf 89' lang='lat' dir='ltr'>omnibus</span> <span class='ocrx_word' id='word_1_145' title='bbox 1097 2238 1195 2315; x_wconf 81' lang='lat' dir='ltr'>capiis</span> 
     </span>
     <span class='ocr_line' id='line_1_22' title="bbox 192 2331 1194 2412; baseline 0.002 -20"><span class='ocrx_word' id='word_1_146' title='bbox 192 2333 438 2412; x_wconf 75' lang='lat' dir='ltr'>provolaverunt</span> <span class='ocrx_word' id='word_1_147' title='bbox 460 2331 676 2410; x_wconf 89' lang='lat' dir='ltr'>impetumque</span> <span class='ocrx_word' id='word_1_148' title='bbox 698 2333 732 2391; x_wconf 89' lang='lat' dir='ltr'>in</span> <span class='ocrx_word' id='word_1_149' title='bbox 753 2339 876 2392; x_wconf 88' lang='lat' dir='ltr'>nostros</span> <span class='ocrx_word' id='word_1_150' title='bbox 899 2333 1021 2411; x_wconf 88' lang='lat' dir='ltr'>equites</span> <span class='ocrx_word' id='word_1_151' title='bbox 1043 2335 1194 2394; x_wconf 79' lang='lat' dir='ltr'>facerunt.</span> 
     </span>
    </p>

    <p class='ocr_par' dir='ltr' id='par_1_8' title="bbox 144 2426 1197 2898">
     <span class='ocr_line' id='line_1_23' title="bbox 144 2426 1197 2507; baseline -0.003 -14"><span class='ocrx_word' id='word_1_152' title='bbox 144 2446 171 2493; x_wconf 79' lang='grc' dir='ltr'>Ῑ5</span> <span class='ocrx_word' id='word_1_153' title='bbox 193 2432 253 2490; x_wconf 89' lang='lat' dir='ltr'>His</span> <span class='ocrx_word' id='word_1_154' title='bbox 272 2426 367 2488; x_wconf 81' lang='lat' dir='ltr'>facile</span> <span class='ocrx_word' id='word_1_155' title='bbox 386 2427 489 2505; x_wconf 80' lang='lat' dir='ltr'>pulsis</span> <span class='ocrx_word' id='word_1_156' title='bbox 508 2437 544 2489; x_wconf 90' lang='lat' dir='ltr'>ac</span> <span class='ocrx_word' id='word_1_157' title='bbox 561 2429 766 2507; x_wconf 77' lang='lat' dir='ltr'>praturbatiS,</span> <span class='ocrx_word' id='word_1_158' title='bbox 784 2429 961 2490; x_wconf 81' lang='lat' dir='ltr'>ineradibili</span> <span class='ocrx_word' id='word_1_159' title='bbox 979 2431 1140 2490; x_wconf 87' lang='lat' dir='ltr'>celeritate</span> <span class='ocrx_word' id='word_1_160' title='bbox 1157 2432 1197 2490; x_wconf 87' lang='lat' dir='ltr'>ad</span> 
     </span>
     <span class='ocr_line' id='line_1_24' title="bbox 192 2520 1196 2604; baseline 0 -18"><span class='ocrx_word' id='word_1_161' title='bbox 192 2527 310 2586; x_wconf 79' lang='lat' dir='ltr'>flamen</span> <span class='ocrx_word' id='word_1_162' title='bbox 323 2528 577 2600; x_wconf 78' lang='lat' dir='ltr'>decucurrarunt,</span> <span class='ocrx_word' id='word_1_163' title='bbox 593 2532 629 2585; x_wconf 92' lang='lat' dir='ltr'>ut</span> <span class='ocrx_word' id='word_1_164' title='bbox 646 2545 743 2604; x_wconf 89' lang='lat' dir='ltr'>paene</span> <span class='ocrx_word' id='word_1_165' title='bbox 761 2533 822 2586; x_wconf 83' lang='lat' dir='ltr'>rino</span> <span class='ocrx_word' id='word_1_166' title='bbox 840 2532 981 2604; x_wconf 90' lang='lat' dir='ltr'>tempore</span> <span class='ocrx_word' id='word_1_167' title='bbox 997 2528 1037 2586; x_wconf 89' lang='lat' dir='ltr'>ad</span> <span class='ocrx_word' id='word_1_168' title='bbox 1052 2527 1148 2586; x_wconf 90' lang='lat' dir='ltr'>silvas</span> <span class='ocrx_word' id='word_1_169' title='bbox 1164 2520 1196 2586; x_wconf 93' lang='lat' dir='ltr'>et</span> 
     </span>
     <span class='ocr_line' id='line_1_25' title="bbox 192 2622 1194 2686; baseline -0.002 -3"><span class='ocrx_word' id='word_1_170' title='bbox 192 2624 227 2683; x_wconf 91' lang='lat' dir='ltr'>in</span> <span class='ocrx_word' id='word_1_171' title='bbox 244 2623 372 2686; x_wconf 81' lang='lat' dir='ltr'>flamine</span> <span class='ocrx_word' id='word_1_172' title='bbox 389 2630 423 2686; x_wconf 91' lang='lat' dir='ltr'>et</span> <span class='ocrx_word' id='word_1_173' title='bbox 442 2623 505 2684; x_wconf 89' lang='lat' dir='ltr'>iam</span> <span class='ocrx_word' id='word_1_174' title='bbox 525 2622 557 2681; x_wconf 92' lang='lat' dir='ltr'>in</span> <span class='ocrx_word' id='word_1_175' title='bbox 575 2624 720 2683; x_wconf 88' lang='lat' dir='ltr'>manibus</span> <span class='ocrx_word' id='word_1_176' title='bbox 739 2622 856 2682; x_wconf 89' lang='lat' dir='ltr'>nostris</span> <span class='ocrx_word' id='word_1_177' title='bbox 878 2623 985 2682; x_wconf 89' lang='lat' dir='ltr'>hostes</span> <span class='ocrx_word' id='word_1_178' title='bbox 1001 2623 1194 2682; x_wconf 80' lang='lat' dir='ltr'>viderentur.</span> 
     </span>
     <span class='ocr_line' id='line_1_26' title="bbox 192 2719 1197 2782; baseline -0.002 -2"><span class='ocrx_word' id='word_1_179' title='bbox 192 2721 311 2782; x_wconf 85' lang='lat' dir='ltr'>Eadem</span> <span class='ocrx_word' id='word_1_180' title='bbox 332 2727 438 2781; x_wconf 89' lang='lat' dir='ltr'>autem</span> <span class='ocrx_word' id='word_1_181' title='bbox 458 2720 620 2781; x_wconf 90' lang='lat' dir='ltr'>celeritate</span> <span class='ocrx_word' id='word_1_182' title='bbox 642 2721 774 2780; x_wconf 88' lang='lat' dir='ltr'>adverso</span> <span class='ocrx_word' id='word_1_183' title='bbox 795 2720 874 2779; x_wconf 84' lang='lat' dir='ltr'>colle</span> <span class='ocrx_word' id='word_1_184' title='bbox 899 2719 940 2778; x_wconf 88' lang='lat' dir='ltr'>ad</span> <span class='ocrx_word' id='word_1_185' title='bbox 962 2724 1071 2778; x_wconf 88' lang='lat' dir='ltr'>nostra</span> <span class='ocrx_word' id='word_1_186' title='bbox 1094 2724 1197 2779; x_wconf 88' lang='lat' dir='ltr'>castra</span> 
     </span>
     <span class='ocr_line' id='line_1_27' title="bbox 192 2816 1094 2898; baseline -0.004 -19"><span class='ocrx_word' id='word_1_187' title='bbox 192 2824 287 2898; x_wconf 90' lang='lat' dir='ltr'>atque</span> <span class='ocrx_word' id='word_1_188' title='bbox 302 2837 353 2878; x_wconf 90' lang='lat' dir='ltr'>eos</span> <span class='ocrx_word' id='word_1_189' title='bbox 369 2818 424 2896; x_wconf 92' lang='lat' dir='ltr'>qui</span> <span class='ocrx_word' id='word_1_190' title='bbox 439 2818 473 2877; x_wconf 91' lang='lat' dir='ltr'>in</span> <span class='ocrx_word' id='word_1_191' title='bbox 487 2836 579 2895; x_wconf 92' lang='lat' dir='ltr'>opere</span> <span class='ocrx_word' id='word_1_192' title='bbox 594 2816 738 2894; x_wconf 89' lang='lat' dir='ltr'>occupati</span> <span class='ocrx_word' id='word_1_193' title='bbox 752 2821 842 2876; x_wconf 88' lang='lat' dir='ltr'>erant</span> <span class='ocrx_word' id='word_1_194' title='bbox 857 2816 1094 2876; x_wconf 76' lang='lat' dir='ltr'>contenderunt.</span> 
     </span>
    </p>

    <p class='ocr_par' dir='ltr' id='par_1_9' title="bbox 257 2930 1090 3241">
     <span class='ocr_line' id='line_1_28' title="bbox 258 2930 1090 2995; baseline -0.002 -12"><span class='ocrx_word' id='word_1_195' title='bbox 258 2936 434 2993; x_wconf 83' lang='lat' dir='ltr'>subsequor,</span> <span class='ocrx_word' id='word_1_196' title='bbox 442 2933 596 2995; x_wconf 78' lang='lat' dir='ltr'>prosequor,</span> <span class='ocrx_word' id='word_1_197' title='bbox 612 2930 651 2979; x_wconf 91' lang='lat'>11.</span> <span class='ocrx_word' id='word_1_198' title='bbox 826 2932 977 2988; x_wconf 76' lang='lat' dir='ltr'>dimetior,</span> <span class='ocrx_word' id='word_1_199' title='bbox 989 2931 1090 2981; x_wconf 74' lang='lat' dir='ltr'>mitior.</span> 
     </span>
     <span class='ocr_line' id='line_1_29' title="bbox 257 3014 1043 3078; baseline -0.008 -11"><span class='ocrx_word' id='word_1_200' title='bbox 257 3019 392 3074; x_wconf 86' lang='lat' dir='ltr'>conloco,</span> <span class='ocrx_word' id='word_1_201' title='bbox 401 3017 483 3078; x_wconf 77' lang='lat' dir='ltr'>pano,</span> <span class='ocrx_word' id='word_1_202' title='bbox 497 3014 521 3064; x_wconf 88' lang='grc'>8.</span> <span class='ocrx_word' id='word_1_203' title='bbox 825 3017 915 3072; x_wconf 84' lang='lat' dir='ltr'>lateo,</span> <span class='ocrx_word' id='word_1_204' title='bbox 929 3027 969 3062; x_wconf 84' lang='lat' dir='ltr'>me</span> <span class='ocrx_word' id='word_1_205' title='bbox 980 3014 1043 3063; x_wconf 78' lang='lat' dir='ltr'>calo.</span> 
     </span>
     <span class='ocr_line' id='line_1_30' title="bbox 258 3098 1080 3159; baseline -0.004 -11"><span class='ocrx_word' id='word_1_206' title='bbox 258 3100 473 3159; x_wconf 82' lang='lat' dir='ltr'>transgredior,</span> <span class='ocrx_word' id='word_1_207' title='bbox 487 3098 600 3147; x_wconf 75' lang='lat' dir='ltr'>transeo.</span> <span class='ocrx_word' id='word_1_208' title='bbox 826 3099 961 3155; x_wconf 75' lang='lat' dir='ltr'>mavolo,</span> <span class='ocrx_word' id='word_1_209' title='bbox 972 3098 1080 3157; x_wconf 80' lang='lat' dir='ltr'>prarao.</span> 
     </span>
     <span class='ocr_line' id='line_1_31' title="bbox 258 3178 1067 3241; baseline -0.006 -10"><span class='ocrx_word' id='word_1_210' title='bbox 258 3183 432 3237; x_wconf 84' lang='lat' dir='ltr'>identidem,</span> <span class='ocrx_word' id='word_1_211' title='bbox 445 3182 541 3230; x_wconf 69' lang='lat' dir='ltr'>trenna</span> <span class='ocrx_word' id='word_1_212' title='bbox 553 3185 630 3241; x_wconf 78' lang='lat' dir='ltr'>cique</span> <span class='ocrx_word' id='word_1_213' title='bbox 643 3180 747 3230; x_wconf 79' lang='lat' dir='ltr'>iterum.</span> <span class='ocrx_word' id='word_1_214' title='bbox 826 3181 983 3237; x_wconf 80' lang='lat' dir='ltr'>proturbo,</span> <span class='ocrx_word' id='word_1_215' title='bbox 990 3178 1067 3241; x_wconf 76' lang='lat' dir='ltr'>sepo.</span> 
     </span>
    </p>
   </div>
   <div class='ocr_carea' id='block_1_6' title="bbox 258 3262 1155 3405">
    <p class='ocr_par' dir='ltr' id='par_1_10' title="bbox 258 3262 1155 3405">
     <span class='ocr_line' id='line_1_32' title="bbox 258 3262 1003 3323; baseline -0.003 -11"><span class='ocrx_word' id='word_1_216' title='bbox 258 3268 370 3321; x_wconf 74' lang='lat' dir='ltr'>tarsus,</span> <span class='ocrx_word' id='word_1_217' title='bbox 382 3264 486 3312; x_wconf 79' lang='lat' dir='ltr'>iterum.</span> <span class='ocrx_word' id='word_1_218' title='bbox 827 3275 929 3321; x_wconf 82' lang='lat' dir='ltr'>paene,</span> <span class='ocrx_word' id='word_1_219' title='bbox 936 3262 1003 3323; x_wconf 84' lang='lat' dir='ltr'>sere.</span> 
     </span>
     <span class='ocr_line' id='line_1_33' title="bbox 258 3340 1155 3405; baseline -0.004 -10"><span class='ocrx_word' id='word_1_220' title='bbox 258 3347 389 3404; x_wconf 83' lang='lat' dir='ltr'>interim,</span> <span class='ocrx_word' id='word_1_221' title='bbox 401 3346 511 3405; x_wconf 80' lang='lat' dir='ltr'>intereo,</span> <span class='ocrx_word' id='word_1_222' title='bbox 526 3344 565 3393; x_wconf 80' lang='lat'>12.</span> <span class='ocrx_word' id='word_1_223' title='bbox 826 3345 984 3403; x_wconf 88' lang='lat' dir='ltr'>contendo,</span> <span class='ocrx_word' id='word_1_224' title='bbox 997 3340 1155 3405; x_wconf 37' lang='lat' dir='ltr'>propera-7.</span> 
     </span>
    </p>
   </div>
   <div class='ocr_carea' id='block_1_7' title="bbox 0 0 1363 3750">
    <p class='ocr_par' dir='ltr' id='par_1_11' title="bbox 0 0 1363 3750">
     <span class='ocr_line' id='line_1_34' title="bbox 0 0 1363 3750; baseline 0 0"><span class='ocrx_word' id='word_1_225' title='bbox 0 0 1363 3750; x_wconf 95' lang='lat' dir='ltr'> </span> 
     </span>
    </p>
   </div>
  </div>
 </body>
</html>
