2710 3750
149 149 191 214 32
514 167 545 217 c.
568 168 647 217 runi
669 166 847 217 onnsssrs

198 333 334 412 captivis
354 334 515 412 cognitum
536 339 594 411 est,
610 353 718 396 eorum
732 334 853 396 dierum
868 333 1095 395 consuetudine
1109 333 1198 393 itine-

198 430 242 490 ris
257 432 358 491 nostri
372 433 529 493 exereitus
543 438 717 511 perspecta,
732 437 823 492 noote
844 432 883 492 ad
902 431 1039 491 Nervios
1054 448 1200 508 pervere·

197 533 273 587 runt
300 533 395 607 atque
422 529 473 590 his
501 531 758 590 demonstrarunt
782 528 866 588 inter
890 528 1031 606 singulas
1060 527 1198 604 legiones

197 623 493 704 impedimentorum
514 646 661 704 magnum
682 645 847 686 numemm
871 626 1075 697 intercedere,
1098 643 1199 702 neque

161 744 173 795 ς
197 740 265 782 esse
286 722 454 802 quiequam
476 726 591 802 negoti,
607 743 678 784 eum
699 723 802 802 prima
817 723 900 801 legio
921 722 955 782 in
975 726 1079 782 eastra
1099 721 1200 780 venis-

198 826 255 896 set,
267 819 468 899 reliquaeque
482 821 622 900 legiones
637 840 786 899 magnum
800 820 939 899 spatium
952 820 1106 892 abessent,
1118 818 1198 877 hano

198 918 257 978 sub
271 917 401 978 saroinis
416 918 549 995 adoriri3
571 937 635 998 qua
648 919 741 997 pulsa
754 917 1050 996 impedimentisque
1064 914 1197 993 direptis

197 1016 341 1075 futurum
367 1022 404 1076 ut
433 1016 574 1095 reliquae
602 1022 712 1077 eontra
741 1014 913 1076 consistere
943 1032 1007 1073 non
1036 1013 1196 1073 auderent.

196 1111 378 1174 Adiuvabat
399 1114 496 1175 etiam
517 1133 624 1174 eorum
646 1113 813 1175 eonsilium
834 1112 889 1191 qui
913 1130 979 1171 rem
1004 1109 1196 1184 deferebant,

149 1228 176 1262 ιο
197 1211 280 1288 quod
313 1211 425 1271 Nervii
459 1211 645 1290 antiquitus,
674 1230 745 1271 eum
778 1210 922 1289 equitatu
955 1207 1038 1267 nihil
1068 1213 1199 1286 possent

199 1308 313 1389 (neque
328 1309 412 1368 enim
431 1309 543 1370 adhoc
559 1315 684 1386 tempus
705 1307 735 1367 ei
756 1307 801 1366 rei
823 1307 961 1382 student,
977 1306 1032 1367 sed
1047 1306 1199 1385 quioquid

196 1411 338 1483 possunt,
364 1406 562 1485 pedestribus
587 1406 696 1466 valent
719 1404 832 1484 copiis)
859 1423 922 1482 quo
949 1403 1075 1464 facilius
1103 1404 1199 1464 finiti-

196 1522 317 1563 morum
339 1504 523 1581 equitatum,
543 1503 571 1563 si
592 1501 764 1581 praedandi
782 1519 877 1562 eausa
894 1501 935 1561 ad
953 1519 1006 1561 eos
1024 1501 1196 1576 venissent,

196 1599 394 1679 impedirent,
416 1601 535 1660 teneris
556 1599 718 1659 arboribus
740 1597 847 1657 incisis
869 1602 964 1675 atque
986 1596 1120 1673 inflexis,
1136 1617 1199 1659 ore-

148 1720 173 1769 ¹5
196 1697 323 1774 brisque
341 1698 375 1756 in
391 1697 594 1757 latitudinem
609 1695 704 1754 ramis
718 1694 829 1769 enatis,
845 1699 878 1753 et
892 1694 978 1754 rubis
993 1694 1197 1773 sentibusque

196 1792 379 1867 interiectis,
402 1792 570 1853 effecerant
593 1797 630 1851 ut
654 1791 755 1851 instar
775 1790 857 1849 muri
881 1790 941 1850 hae
965 1809 1074 1869 saepes
1099 1791 1198 1850 muni-

195 1895 302 1950 menta
325 1890 518 1968 praeberent,
544 1908 606 1966 quo
634 1907 697 1947 nou
725 1888 817 1947 modo
844 1907 908 1947 non
935 1887 1047 1947 intrari
1074 1888 1129 1948 sed
1156 1907 1196 1948 ne

195 1986 330 2065 perspici
356 1986 483 2064 quidem
508 1989 622 2062 posset.
676 1984 738 2043 His
763 1984 855 2043 rebus
880 2002 951 2044 oum
976 1983 1038 2043 iter
1061 1985 1196 2061 agminis

195 2082 295 2143 nostri
310 2082 523 2161 impediretur,
536 2100 599 2140 non
613 2081 823 2140 omittendum
834 2079 895 2140 sibi
906 2080 1072 2141 eonsilium
1084 2082 1197 2142 Nervii

145 2210 173 2242 20
195 2179 465 2239 existimaverunt.

235 2274 290 2341 18.
319 2276 395 2339 Looi
416 2279 529 2334 natura
549 2279 616 2333 erat
636 2274 721 2351 haee,
738 2294 830 2353 quem
848 2275 952 2336 losum
969 2275 1070 2336 nostri
1083 2275 1196 2336 eastris

195 2373 383 2450 delegerant.
426 2371 523 2433 Collis
545 2371 584 2431 ab
606 2390 727 2431 summo
741 2372 915 2449 aequaliter
929 2373 1059 2433 deelivis
1081 2373 1121 2433 ad
1141 2373 1197 2432 fiu-

194 2489 265 2529 men
284 2469 398 2543 Sabim,
414 2468 498 2547 quod
519 2487 615 2546 snpra
635 2469 873 2543 nominavimus,
888 2471 1044 2547 vergebat.
1086 2469 1138 2530 Ab
1158 2489 1196 2530 eo

194 2565 322 2626 flumine
344 2566 413 2643 pari
434 2565 615 2626 adolivitate
636 2565 727 2626 oollis
748 2567 936 2626 nascebatur
952 2567 1101 2627 adversus
1122 2566 1196 2628 huie

144 2690 170 2739 25
194 2668 226 2724 et
247 2662 429 2737 contrarius,
451 2680 562 2739 passus
584 2661 709 2722 eiroiter
730 2662 881 2723 ducentos
906 2662 1032 2723 infimus
1057 2658 1194 2742 a'pertus,

194 2761 233 2820 ab
247 2758 407 2838 superiore
421 2764 512 2837 parte
526 2759 683 2820 silvestris
704 2765 741 2819 ut
762 2779 825 2819 non
846 2760 939 2821 faeile
959 2761 1115 2821 introrsus
1129 2781 1196 2839 per·

156 2926 160 2934 ⁸
194 2842 273 2935 spioi
300 2861 415 2934 posset.
458 2856 549 2916 Intra
576 2875 628 2916 eas
657 2856 754 2917 silvas
782 2857 888 2918 hostes
916 2858 950 2917 in
978 2858 1100 2918 oooulto
1127 2877 1195 2919 sese

172 2953 413 3029 ‘continebant3
442 2952 476 3011 in
503 2958 612 3031 aperto
639 2954 708 3014 loeo
736 2955 906 3013 seeundum
933 2954 1051 3014 flumen
1078 2974 1195 3033 paucae

193 3051 346 3111 stationes
374 3049 516 3127 equitum
540 3049 737 3111 ridebantur.
779 3051 935 3111 Fluminis
964 3058 1031 3112 erat
1058 3051 1194 3112 altitudo

143 3170 171 3218 30
193 3148 308 3227 pedum
322 3147 448 3207 oiroiter
461 3147 567 3206 trium.

233 3244 287 3310 19.
316 3244 430 3306 Caesar
440 3244 584 3323 equitatu
598 3244 770 3323 praemisso
785 3246 1034 3324 subsequebatur
1048 3246 1193 3307 omnibus

192 3341 309 3420 copiis;
337 3342 393 3402 sed
418 3341 498 3402 ratio
519 3342 657 3421 ordoque
678 3342 813 3421 agminis
834 3343 928 3405 aliter
948 3362 982 3404 se
1002 3344 1138 3405 habebat
1159 3363 1194 3404 ao
1267 3338 1271 3353 '
