2710 3750
590 167 689 217 BOOK
710 167 750 214 11.

267 372 347 446 They
362 372 441 446 plau
461 379 491 430 to
512 370 612 430 ottacic
635 369 766 432 Ooesofls
786 373 920 431 advuocc
939 372 1046 449 puurd.

194 491 246 557 17.
278 493 339 551 His
367 492 459 552 rebus
488 491 623 568 cegnitis
652 491 866 569 explereteres
897 491 1157 570 centurienesque

153 589 331 667 praemittit
348 589 403 666 qui
419 588 523 649 locum
540 589 688 649 ideneum
704 589 816 649 castris
833 588 982 666 deligant.
1024 589 1102 650 Cum
1117 606 1157 648 ex

154 685 310 745 dediticiis
330 685 439 763 Belgis
461 685 654 763 reliquisque
674 685 776 746 Gallis
793 685 969 763 compleres
992 686 1157 747 Caesarem

153 782 253 842 seciti
267 789 329 842 ena
342 783 404 842 iter
417 782 567 856 facerent,
583 783 710 861 quidam
728 800 767 841 cx
783 782 832 841 his
850 787 942 842 nocte
961 782 1002 842 cd
1019 781 1155 842 Nervios

152 885 372 957 pervenerunt.
415 879 477 938 His
491 878 747 939 demenstrerunt
761 878 845 939 inter
859 878 1000 956 singulas
1015 878 1155 956 legienes
1177 888 1193 937 5

153 976 449 1054 impedimentorum
472 983 621 1053 megnum
645 994 810 1035 numerum
834 975 1035 1050 intercedere,
1055 993 1156 1053 neque

154 1090 222 1132 esse
237 1073 405 1151 quicquam
419 1072 535 1149 negeti,
547 1091 619 1132 cum
633 1078 734 1150 prime
747 1072 830 1150 legio
845 1072 880 1131 in
893 1078 997 1133 castra
1007 1072 1155 1147 venisset,

154 1169 235 1229 hanc
250 1170 309 1229 sub
323 1169 454 1230 sarcinis
470 1169 602 1246 adoriri3
625 1188 688 1246 qua
701 1169 794 1247 pulsa
807 1170 950 1229 futerum
963 1174 1000 1229 ut
1017 1168 1157 1246 reliquae

153 1265 293 1343 legienes
310 1271 420 1327 contre
436 1266 607 1326 consistere
626 1274 691 1326 nen
714 1267 876 1326 auderent.
919 1266 1031 1326 Nervii
1051 1272 1157 1326 eutem

153 1362 337 1440 anttquitus,
360 1381 422 1440 quo
446 1362 573 1423 facilius
595 1363 806 1423 finitimerum
829 1362 1006 1441 equitetum
1029 1362 1209 1440 impedi-10

154 1465 234 1535 rent,
254 1459 372 1520 teneris
393 1459 556 1519 arboribus
577 1459 687 1519 incisis
708 1465 804 1537 atque
826 1459 959 1533 inflexis,
979 1459 1156 1537 crebrisque

153 1556 188 1615 in
207 1556 410 1617 letitirdinem
431 1556 528 1616 remis
550 1557 661 1632 enetis
677 1562 710 1616 et
731 1556 817 1616 rubis
838 1556 1042 1635 sentibusque
1063 1556 1158 1616 inter-

154 1653 254 1727 iectis,
276 1653 445 1714 effecerant
467 1657 503 1712 ut
523 1658 623 1713 instar
644 1653 726 1712 muri
747 1653 806 1713 hae
828 1671 937 1732 saepes
963 1658 1158 1713 menimento

154 1750 347 1827 praeberent,
369 1767 431 1826 quo
453 1757 515 1810 nen
537 1751 629 1810 modo
650 1758 715 1810 nen
739 1750 852 1810 intreri
876 1750 932 1810 sed
956 1769 996 1810 ne
1020 1749 1157 1828 perspici

155 1846 282 1924 quidem
303 1851 419 1925 posset.
462 1847 524 1906 His
546 1846 637 1908 rebus
659 1866 730 1907 cum
747 1846 809 1907 iter
827 1845 961 1924 egminis
983 1845 1083 1906 nostri
1102 1846 1157 1905 im·
1181 1865 1207 1912 ις

154 1945 321 2022 pediretur,
342 1951 407 2004 nen
423 1943 633 2004 omittendum
652 1944 714 2004 sibi
730 1943 898 2004 censilium
919 1943 1031 2003 Nervii
1052 1942 1158 2003 existi·

154 2046 328 2102 meverunt.

195 2157 337 2206 ldeneus:
356 2162 442 2219 aprus,
455 2156 615 2217 commodus,
629 2154 653 2207 8.
721 2159 860 2215 censisto,
872 2162 920 2216 sto,
931 2155 956 2206 6.

194 2241 305 2299 deligo,
319 2239 397 2301 elipe.
720 2240 833 2298 incido,
846 2239 946 2289 accido.

194 2322 359 2379 intercedo,
373 2321 527 2371 intervenio.
722 2325 835 2370 instar:
848 2322 950 2384 fermo,
961 2320 1117 2373 similitido.

195 2405 347 2453 sarcinae:
366 2403 562 2464 impeutmeotu,
574 2417 667 2455 onera.
722 2404 838 2462 omitto,
851 2405 968 2466 neolepo.

196 2487 327 2545 adorior,
341 2486 491 2548 recreator,
506 2485 545 2536 11.
721 2487 873 2545 existimo,
880 2491 956 2547 puto.

200 2639 262 2698 The
282 2639 407 2700 Roman
427 2618 696 2716 curnpiupprouud
716 2640 780 2697 arrd
800 2639 847 2698 tlte
862 2640 998 2713 position
1018 2640 1057 2713 os
1071 2639 1118 2698 tlte

599 2753 710 2811 enemy.

195 2857 248 2923 18.
278 2858 354 2918 Loci
371 2863 484 2918 netem
502 2862 568 2918 erat
587 2857 672 2932 haec,
691 2875 783 2935 quem
804 2858 907 2917 locum
926 2855 1026 2917 nostri
1044 2856 1156 2916 castris

155 2958 343 3033 delegerant.
374 2955 471 3018 Collis
483 2956 522 3015 ab
533 2974 655 3015 summo
666 2955 842 3033 aequeliter
851 2954 979 3015 declivis
991 2954 1030 3014 ad
1041 2953 1157 3013 flemeu

155 3053 269 3128 Sabim,
290 3053 376 3130 quod
396 3071 491 3131 supra
510 3052 752 3127 meminerimus
775 3053 930 3131 vergebat.
974 3051 1026 3111 Ab
1046 3069 1083 3111 eo
1103 3051 1158 3111 flir-

154 3149 237 3210 mine
251 3150 320 3228 pari
334 3149 516 3211 adclivitete
530 3151 619 3211 collis
634 3151 828 3226 nescebetur,
841 3151 880 3210 eb
895 3150 1054 3228 superiere
1068 3155 1157 3228 parte

154 3246 309 3307 silvestris
326 3251 364 3306 ut
379 3254 444 3307 nen
462 3247 557 3308 facile
575 3247 731 3309 intremus
751 3247 886 3327 perspici
905 3252 1023 3325 posset.
1066 3246 1157 3306 intra
1177 3260 1193 3309 5

153 3362 205 3403 eas
225 3343 322 3404 silvas
341 3343 449 3405 hostes
468 3343 503 3404 in
524 3344 647 3406 occulto
668 3351 736 3406 sese
757 3344 977 3421 continebant3
999 3343 1033 3403 in
1047 3348 1156 3421 aperto
