<?xml version="1.0" encoding="UTF-8"?>
<!DOCTYPE html PUBLIC "-//W3C//DTD XHTML 1.0 Transitional//EN"
    "http://www.w3.org/TR/xhtml1/DTD/xhtml1-transitional.dtd">
<html xmlns="http://www.w3.org/1999/xhtml" xml:lang="en" lang="en">
 <head>
  <title>
</title>
<meta http-equiv="Content-Type" content="text/html;charset=utf-8" />
  <meta name='ocr-system' content='tesseract 3.04.00' />
  <meta name='ocr-capabilities' content='ocr_page ocr_carea ocr_par ocr_line ocrx_word'/>
</head>
<body>
  <div class='ocr_page' id='page_1' title='image "./gatetocaesarbyw02collgoog_0046.png"; bbox 0 0 2710 3750; ppageno 0'>
   <div class='ocr_carea' id='block_1_1' title="bbox 598 114 1206 182">
    <p class='ocr_par' dir='ltr' id='par_1_1' title="bbox 598 114 1206 182">
     <span class='ocr_line' id='line_1_1' title="bbox 598 114 1206 182; baseline -0.007 0"><span class='ocrx_word' id='word_1_1' title='bbox 598 136 708 182; x_wconf 74' lang='lat' dir='ltr'><strong>amna</strong></span> <span class='ocrx_word' id='word_1_2' title='bbox 730 137 770 182; x_wconf 86' lang='lat'><strong>11.</strong></span> <span class='ocrx_word' id='word_1_3' title='bbox 1165 114 1206 178; x_wconf 82' lang='lat'><strong>31</strong></span> 
     </span>
    </p>
   </div>
   <div class='ocr_carea' id='block_1_2' title="bbox 152 298 1209 1937">
    <p class='ocr_par' dir='ltr' id='par_1_2' title="bbox 152 298 1154 477">
     <span class='ocr_line' id='line_1_2' title="bbox 152 298 1154 381; baseline 0.003 -21"><span class='ocrx_word' id='word_1_4' title='bbox 152 302 266 378; x_wconf 79' lang='lat' dir='ltr'>Belgas</span> <span class='ocrx_word' id='word_1_5' title='bbox 286 301 558 380; x_wconf 85' lang='lat' dir='ltr'><strong>amplificaturum,</strong></span> <span class='ocrx_word' id='word_1_6' title='bbox 578 321 710 381; x_wconf 87' lang='lat' dir='ltr'><strong>quorum</strong></span> <span class='ocrx_word' id='word_1_7' title='bbox 729 303 856 362; x_wconf 84' lang='lat' dir='ltr'><strong>auxiliis</strong></span> <span class='ocrx_word' id='word_1_8' title='bbox 875 308 970 380; x_wconf 87' lang='lat' dir='ltr'><strong>atque</strong></span> <span class='ocrx_word' id='word_1_9' title='bbox 988 298 1109 379; x_wconf 86' lang='lat' dir='ltr'><strong>opibus,</strong></span> <span class='ocrx_word' id='word_1_10' title='bbox 1125 299 1154 363; x_wconf 86' lang='lat' dir='ltr'><strong>si</strong></span> 
     </span>
     <span class='ocr_line' id='line_1_3' title="bbox 152 399 897 477; baseline 0.001 -20"><span class='ocrx_word' id='word_1_11' title='bbox 152 419 215 477; x_wconf 87' lang='lat' dir='ltr'><strong>qua</strong></span> <span class='ocrx_word' id='word_1_12' title='bbox 229 399 311 459; x_wconf 91' lang='lat' dir='ltr'><strong>bella</strong></span> <span class='ocrx_word' id='word_1_13' title='bbox 324 399 501 476; x_wconf 82' lang='lat' dir='ltr'><strong>inciderint,</strong></span> <span class='ocrx_word' id='word_1_14' title='bbox 518 405 693 459; x_wconf 90' lang='lat' dir='ltr'><strong>sustentare</strong></span> <span class='ocrx_word' id='word_1_15' title='bbox 708 401 897 460; x_wconf 87' lang='lat' dir='ltr'><strong>consuerint.</strong></span> 
     </span>
    </p>

    <p class='ocr_par' dir='ltr' id='par_1_3' title="bbox 154 494 1209 1937">
     <span class='ocr_line' id='line_1_4' title="bbox 194 494 1155 575; baseline -0.005 -15"><span class='ocrx_word' id='word_1_16' title='bbox 194 494 247 562; x_wconf 81' lang='grc'><strong>15.</strong></span> <span class='ocrx_word' id='word_1_17' title='bbox 276 497 389 558; x_wconf 87' lang='lat' dir='ltr'><strong>Caesar</strong></span> <span class='ocrx_word' id='word_1_18' title='bbox 409 497 536 557; x_wconf 90' lang='lat' dir='ltr'><strong>honoris</strong></span> <span class='ocrx_word' id='word_1_19' title='bbox 561 498 713 558; x_wconf 90' lang='lat' dir='ltr'><strong>Divitiaci</strong></span> <span class='ocrx_word' id='word_1_20' title='bbox 737 502 832 575; x_wconf 91' lang='lat' dir='ltr'><strong>atque</strong></span> <span class='ocrx_word' id='word_1_21' title='bbox 856 497 1036 556; x_wconf 83' lang='lat' dir='ltr'>Aeduorum</span> <span class='ocrx_word' id='word_1_22' title='bbox 1060 514 1155 556; x_wconf 84' lang='lat' dir='ltr'><strong>causa</strong></span> 
     </span>
     <span class='ocr_line' id='line_1_5' title="bbox 154 593 1152 673; baseline -0.002 -19"><span class='ocrx_word' id='word_1_23' title='bbox 154 613 221 654; x_wconf 90' lang='lat' dir='ltr'><strong>sese</strong></span> <span class='ocrx_word' id='word_1_24' title='bbox 244 612 296 653; x_wconf 89' lang='lat' dir='ltr'><strong>eos</strong></span> <span class='ocrx_word' id='word_1_25' title='bbox 318 593 352 652; x_wconf 90' lang='lat' dir='ltr'><strong>in</strong></span> <span class='ocrx_word' id='word_1_26' title='bbox 374 594 468 653; x_wconf 89' lang='lat' dir='ltr'><strong>fidem</strong></span> <span class='ocrx_word' id='word_1_27' title='bbox 491 601 691 673; x_wconf 88' lang='lat' dir='ltr'><strong>recepturum</strong></span> <span class='ocrx_word' id='word_1_28' title='bbox 715 600 748 654; x_wconf 86' lang='lat' dir='ltr'><strong>et</strong></span> <span class='ocrx_word' id='word_1_29' title='bbox 772 594 1028 654; x_wconf 83' lang='lat' dir='ltr'><strong>conservaturum</strong></span> <span class='ocrx_word' id='word_1_30' title='bbox 1053 593 1152 669; x_wconf 83' lang='lat' dir='ltr'><strong>dixit3</strong></span> 
     </span>
     <span class='ocr_line' id='line_1_6' title="bbox 155 691 1192 769; baseline 0 -19"><span class='ocrx_word' id='word_1_31' title='bbox 155 692 238 769; x_wconf 91' lang='lat' dir='ltr'><strong>quod</strong></span> <span class='ocrx_word' id='word_1_32' title='bbox 259 696 326 750; x_wconf 89' lang='lat' dir='ltr'><strong>erat</strong></span> <span class='ocrx_word' id='word_1_33' title='bbox 346 692 459 751; x_wconf 88' lang='lat' dir='ltr'><strong>civitas</strong></span> <span class='ocrx_word' id='word_1_34' title='bbox 481 711 594 768; x_wconf 88' lang='lat' dir='ltr'><strong>magua</strong></span> <span class='ocrx_word' id='word_1_35' title='bbox 614 692 698 751; x_wconf 88' lang='lat' dir='ltr'><strong>inter</strong></span> <span class='ocrx_word' id='word_1_36' title='bbox 717 692 830 768; x_wconf 84' lang='lat' dir='ltr'><strong>Belgas</strong></span> <span class='ocrx_word' id='word_1_37' title='bbox 853 691 1041 750; x_wconf 87' lang='lat' dir='ltr'><strong>auctoritate</strong></span> <span class='ocrx_word' id='word_1_38' title='bbox 1060 697 1155 768; x_wconf 87' lang='lat' dir='ltr'><strong>atque</strong></span> <span class='ocrx_word' id='word_1_39' title='bbox 1182 717 1192 765; x_wconf 82' lang='lat'><strong>5</strong></span> 
     </span>
     <span class='ocr_line' id='line_1_7' title="bbox 154 788 1155 867; baseline 0.001 -21"><span class='ocrx_word' id='word_1_40' title='bbox 154 789 316 848; x_wconf 89' lang='lat' dir='ltr'><strong>bominum</strong></span> <span class='ocrx_word' id='word_1_41' title='bbox 338 789 542 847; x_wconf 87' lang='lat' dir='ltr'><strong>multitudine</strong></span> <span class='ocrx_word' id='word_1_42' title='bbox 564 790 751 867; x_wconf 75' lang='lat' dir='ltr'>praestabat,</span> <span class='ocrx_word' id='word_1_43' title='bbox 773 795 936 849; x_wconf 84' lang='lat' dir='ltr'><strong>sexcentos</strong></span> <span class='ocrx_word' id='word_1_44' title='bbox 958 788 1082 848; x_wconf 88' lang='lat' dir='ltr'><strong>obsides</strong></span> <span class='ocrx_word' id='word_1_45' title='bbox 1104 807 1155 866; x_wconf 83' lang='lat' dir='ltr'><strong>po</strong></span> 
     </span>
     <span class='ocr_line' id='line_1_8' title="bbox 155 885 1155 964; baseline 0 -19"><span class='ocrx_word' id='word_1_46' title='bbox 155 885 264 963; x_wconf 90' lang='lat' dir='ltr'><strong>poscit.</strong></span> <span class='ocrx_word' id='word_1_47' title='bbox 307 887 369 945; x_wconf 91' lang='lat' dir='ltr'><strong>His</strong></span> <span class='ocrx_word' id='word_1_48' title='bbox 384 886 510 945; x_wconf 88' lang='lat' dir='ltr'><strong>traditis</strong></span> <span class='ocrx_word' id='word_1_49' title='bbox 526 887 733 963; x_wconf 91' lang='lat' dir='ltr'><strong>omnibusque</strong></span> <span class='ocrx_word' id='word_1_50' title='bbox 747 886 842 945; x_wconf 91' lang='lat' dir='ltr'><strong>armis</strong></span> <span class='ocrx_word' id='word_1_51' title='bbox 864 905 903 945; x_wconf 89' lang='lat' dir='ltr'><strong>ex</strong></span> <span class='ocrx_word' id='word_1_52' title='bbox 924 886 1040 964; x_wconf 91' lang='lat' dir='ltr'><strong>oppido</strong></span> <span class='ocrx_word' id='word_1_53' title='bbox 1055 885 1155 945; x_wconf 67' lang='lat' dir='ltr'><strong>ocula»</strong></span> 
     </span>
     <span class='ocr_line' id='line_1_9' title="bbox 154 976 1153 1061; baseline 0.001 -20"><span class='ocrx_word' id='word_1_54' title='bbox 154 982 207 1056; x_wconf 89' lang='lat' dir='ltr'><strong>tis,</strong></span> <span class='ocrx_word' id='word_1_55' title='bbox 231 982 270 1041; x_wconf 90' lang='lat' dir='ltr'><strong>ab</strong></span> <span class='ocrx_word' id='word_1_56' title='bbox 294 1001 330 1041; x_wconf 93' lang='lat' dir='ltr'><strong>eo</strong></span> <span class='ocrx_word' id='word_1_57' title='bbox 355 982 423 1041; x_wconf 92' lang='lat' dir='ltr'><strong>loco</strong></span> <span class='ocrx_word' id='word_1_58' title='bbox 448 982 584 1042; x_wconf 81' lang='lat' dir='ltr'><strong>infines</strong></span> <span class='ocrx_word' id='word_1_59' title='bbox 609 976 836 1043; x_wconf 86' lang='lat' dir='ltr'><strong>Ambianorum</strong></span> <span class='ocrx_word' id='word_1_60' title='bbox 862 983 1014 1060; x_wconf 84' lang='lat' dir='ltr'><strong>pervenit,</strong></span> <span class='ocrx_word' id='word_1_61' title='bbox 1041 983 1096 1061; x_wconf 88' lang='lat' dir='ltr'><strong>qui</strong></span> <span class='ocrx_word' id='word_1_62' title='bbox 1121 1001 1153 1042; x_wconf 91' lang='lat' dir='ltr'><strong>se</strong></span> 
     </span>
     <span class='ocr_line' id='line_1_10' title="bbox 155 1079 1155 1156; baseline 0 -17"><span class='ocrx_word' id='word_1_63' title='bbox 155 1098 273 1156; x_wconf 89' lang='lat' dir='ltr'><strong>suaque</strong></span> <span class='ocrx_word' id='word_1_64' title='bbox 293 1079 398 1139; x_wconf 88' lang='lat' dir='ltr'><strong>omnia</strong></span> <span class='ocrx_word' id='word_1_65' title='bbox 416 1079 483 1139; x_wconf 90' lang='lat' dir='ltr'><strong>sine</strong></span> <span class='ocrx_word' id='word_1_66' title='bbox 503 1099 589 1140; x_wconf 90' lang='lat' dir='ltr'><strong>mora</strong></span> <span class='ocrx_word' id='word_1_67' title='bbox 607 1081 802 1140; x_wconf 90' lang='lat' dir='ltr'><strong>dediderunt.</strong></span> <span class='ocrx_word' id='word_1_68' title='bbox 846 1082 963 1141; x_wconf 90' lang='lat' dir='ltr'><strong>Eorum</strong></span> <span class='ocrx_word' id='word_1_69' title='bbox 982 1080 1060 1140; x_wconf 91' lang='lat' dir='ltr'><strong>fines</strong></span> <span class='ocrx_word' id='word_1_70' title='bbox 1077 1081 1155 1140; x_wconf 91' lang='lat' dir='ltr'><strong>Ner·</strong></span> 
     </span>
     <span class='ocr_line' id='line_1_11' title="bbox 155 1177 1209 1256; baseline 0.001 -20"><span class='ocrx_word' id='word_1_71' title='bbox 155 1177 201 1236; x_wconf 86' lang='lat' dir='ltr'><strong>vii</strong></span> <span class='ocrx_word' id='word_1_72' title='bbox 225 1178 441 1254; x_wconf 81' lang='lat' dir='ltr'><strong>attingebant3</strong></span> <span class='ocrx_word' id='word_1_73' title='bbox 469 1196 601 1254; x_wconf 91' lang='lat' dir='ltr'><strong>quorum</strong></span> <span class='ocrx_word' id='word_1_74' title='bbox 625 1179 663 1237; x_wconf 89' lang='lat' dir='ltr'><strong>de</strong></span> <span class='ocrx_word' id='word_1_75' title='bbox 686 1183 800 1238; x_wconf 91' lang='lat' dir='ltr'><strong>natura</strong></span> <span class='ocrx_word' id='word_1_76' title='bbox 820 1178 1021 1256; x_wconf 89' lang='lat' dir='ltr'><strong>moribusque</strong></span> <span class='ocrx_word' id='word_1_77' title='bbox 1042 1178 1155 1238; x_wconf 83' lang='lat' dir='ltr'><strong>Caesar</strong></span> <span class='ocrx_word' id='word_1_78' title='bbox 1182 1206 1209 1237; x_wconf 86' lang='lat'><strong>10</strong></span> 
     </span>
     <span class='ocr_line' id='line_1_12' title="bbox 155 1275 1154 1352; baseline -0.001 -17"><span class='ocrx_word' id='word_1_79' title='bbox 155 1293 226 1335; x_wconf 91' lang='lat' dir='ltr'><strong>oum</strong></span> <span class='ocrx_word' id='word_1_80' title='bbox 238 1281 410 1351; x_wconf 86' lang='lat' dir='ltr'><strong>quaereret,</strong></span> <span class='ocrx_word' id='word_1_81' title='bbox 422 1275 468 1334; x_wconf 90' lang='lat' dir='ltr'><strong>sic</strong></span> <span class='ocrx_word' id='word_1_82' title='bbox 480 1275 668 1352; x_wconf 82' lang='lat' dir='ltr'>reperiebat:</span> <span class='ocrx_word' id='word_1_83' title='bbox 691 1275 825 1334; x_wconf 89' lang='lat' dir='ltr'><strong>Nullum</strong></span> <span class='ocrx_word' id='word_1_84' title='bbox 835 1276 957 1335; x_wconf 88' lang='lat' dir='ltr'><strong>aditum</strong></span> <span class='ocrx_word' id='word_1_85' title='bbox 968 1295 1036 1336; x_wconf 90' lang='lat' dir='ltr'><strong>esse</strong></span> <span class='ocrx_word' id='word_1_86' title='bbox 1047 1276 1088 1335; x_wconf 87' lang='lat' dir='ltr'><strong>ad</strong></span> <span class='ocrx_word' id='word_1_87' title='bbox 1101 1293 1154 1335; x_wconf 91' lang='lat' dir='ltr'><strong>eos</strong></span> 
     </span>
     <span class='ocr_line' id='line_1_13' title="bbox 156 1371 1155 1451; baseline 0.001 -22"><span class='ocrx_word' id='word_1_88' title='bbox 156 1371 398 1446; x_wconf 89' lang='lat' dir='ltr'><strong>mercatoribus;</strong></span> <span class='ocrx_word' id='word_1_89' title='bbox 427 1371 508 1430; x_wconf 89' lang='lat' dir='ltr'><strong>nihil</strong></span> <span class='ocrx_word' id='word_1_90' title='bbox 533 1372 601 1451; x_wconf 87' lang='lat' dir='ltr'><strong>pati</strong></span> <span class='ocrx_word' id='word_1_91' title='bbox 623 1372 690 1430; x_wconf 87' lang='lat' dir='ltr'><strong>vini</strong></span> <span class='ocrx_word' id='word_1_92' title='bbox 711 1372 964 1450; x_wconf 88' lang='lat' dir='ltr'><strong>reliquarumque</strong></span> <span class='ocrx_word' id='word_1_93' title='bbox 985 1391 1090 1433; x_wconf 89' lang='lat' dir='ltr'><strong>rerum</strong></span> <span class='ocrx_word' id='word_1_94' title='bbox 1110 1372 1155 1431; x_wconf 92' lang='lat' dir='ltr'><strong>in-</strong></span> 
     </span>
     <span class='ocr_line' id='line_1_14' title="bbox 156 1469 1154 1546; baseline 0 -17"><span class='ocrx_word' id='word_1_95' title='bbox 156 1470 242 1544; x_wconf 81' lang='lat' dir='ltr'><strong>ferri,</strong></span> <span class='ocrx_word' id='word_1_96' title='bbox 271 1470 354 1546; x_wconf 90' lang='lat' dir='ltr'><strong>quod</strong></span> <span class='ocrx_word' id='word_1_97' title='bbox 385 1470 424 1529; x_wconf 91' lang='lat' dir='ltr'><strong>iis</strong></span> <span class='ocrx_word' id='word_1_98' title='bbox 454 1470 547 1529; x_wconf 88' lang='lat' dir='ltr'><strong>rebus</strong></span> <span class='ocrx_word' id='word_1_99' title='bbox 577 1469 813 1546; x_wconf 80' lang='lat' dir='ltr'>relanguescere</span> <span class='ocrx_word' id='word_1_100' title='bbox 840 1470 961 1530; x_wconf 91' lang='lat' dir='ltr'><strong>animos</strong></span> <span class='ocrx_word' id='word_1_101' title='bbox 989 1489 1096 1531; x_wconf 90' lang='lat' dir='ltr'><strong>eorum</strong></span> <span class='ocrx_word' id='word_1_102' title='bbox 1122 1475 1154 1529; x_wconf 88' lang='lat' dir='ltr'><strong>et</strong></span> 
     </span>
     <span class='ocr_line' id='line_1_15' title="bbox 157 1566 1155 1644; baseline 0.001 -19"><span class='ocrx_word' id='word_1_103' title='bbox 157 1566 277 1626; x_wconf 80' lang='lat' dir='ltr'><strong>remitti</strong></span> <span class='ocrx_word' id='word_1_104' title='bbox 292 1567 442 1627; x_wconf 89' lang='lat' dir='ltr'><strong>virtutem</strong></span> <span class='ocrx_word' id='word_1_105' title='bbox 457 1566 692 1628; x_wconf 83' lang='lat' dir='ltr'><strong>existimarent:</strong></span> <span class='ocrx_word' id='word_1_106' title='bbox 715 1586 783 1627; x_wconf 90' lang='lat' dir='ltr'><strong>esse</strong></span> <span class='ocrx_word' id='word_1_107' title='bbox 804 1567 946 1627; x_wconf 87' lang='lat' dir='ltr'><strong>homines</strong></span> <span class='ocrx_word' id='word_1_108' title='bbox 968 1568 1052 1627; x_wconf 82' lang='lat' dir='ltr'><strong>feros</strong></span> <span class='ocrx_word' id='word_1_109' title='bbox 1073 1586 1155 1644; x_wconf 89' lang='lat' dir='ltr'><strong>mag-</strong></span> 
     </span>
     <span class='ocr_line' id='line_1_16' title="bbox 157 1664 1207 1743; baseline -0.001 -20"><span class='ocrx_word' id='word_1_110' title='bbox 157 1684 277 1742; x_wconf 89' lang='lat' dir='ltr'><strong>naeque</strong></span> <span class='ocrx_word' id='word_1_111' title='bbox 309 1664 457 1740; x_wconf 79' lang='lat' dir='ltr'><strong>virtutis3</strong></span> <span class='ocrx_word' id='word_1_112' title='bbox 493 1665 681 1742; x_wconf 82' lang='lat' dir='ltr'><strong>increpitare</strong></span> <span class='ocrx_word' id='word_1_113' title='bbox 712 1670 807 1743; x_wconf 91' lang='lat' dir='ltr'><strong>atque</strong></span> <span class='ocrx_word' id='word_1_114' title='bbox 841 1666 984 1724; x_wconf 83' lang='lat' dir='ltr'><strong>incusare</strong></span> <span class='ocrx_word' id='word_1_115' title='bbox 1016 1665 1156 1742; x_wconf 63' lang='lat' dir='ltr'><strong>‘reliquos</strong></span> <span class='ocrx_word' id='word_1_116' title='bbox 1184 1692 1207 1738; x_wconf 84' lang='lat'><strong>15</strong></span> 
     </span>
     <span class='ocr_line' id='line_1_17' title="bbox 157 1761 1155 1840; baseline -0.002 -18"><span class='ocrx_word' id='word_1_117' title='bbox 157 1763 271 1840; x_wconf 85' lang='lat' dir='ltr'><strong>Belgas</strong></span> <span class='ocrx_word' id='word_1_118' title='bbox 297 1763 351 1839; x_wconf 92' lang='lat' dir='ltr'><strong>qui</strong></span> <span class='ocrx_word' id='word_1_119' title='bbox 377 1782 409 1821; x_wconf 88' lang='lat' dir='ltr'><strong>se</strong></span> <span class='ocrx_word' id='word_1_120' title='bbox 435 1763 550 1839; x_wconf 91' lang='lat' dir='ltr'><strong>populo</strong></span> <span class='ocrx_word' id='word_1_121' title='bbox 572 1763 714 1821; x_wconf 84' lang='lat' dir='ltr'><strong>Romano</strong></span> <span class='ocrx_word' id='word_1_122' title='bbox 739 1762 934 1822; x_wconf 89' lang='lat' dir='ltr'><strong>dedidissent</strong></span> <span class='ocrx_word' id='word_1_123' title='bbox 959 1761 1155 1839; x_wconf 87' lang='lat' dir='ltr'><strong>patriamque</strong></span> 
     </span>
     <span class='ocr_line' id='line_1_18' title="bbox 158 1859 1155 1937; baseline 0.001 -20"><span class='ocrx_word' id='word_1_124' title='bbox 158 1860 308 1919; x_wconf 86' lang='lat' dir='ltr'><strong>virtutem</strong></span> <span class='ocrx_word' id='word_1_125' title='bbox 341 1860 565 1936; x_wconf 90' lang='lat' dir='ltr'><strong>proiecissent;</strong></span> <span class='ocrx_word' id='word_1_126' title='bbox 598 1860 781 1920; x_wconf 90' lang='lat' dir='ltr'><strong>confirmare</strong></span> <span class='ocrx_word' id='word_1_127' title='bbox 809 1878 877 1918; x_wconf 90' lang='lat' dir='ltr'><strong>sese</strong></span> <span class='ocrx_word' id='word_1_128' title='bbox 906 1877 1007 1937; x_wconf 90' lang='lat' dir='ltr'><strong>neque</strong></span> <span class='ocrx_word' id='word_1_129' title='bbox 1035 1859 1155 1935; x_wconf 89' lang='lat' dir='ltr'><strong>legatos</strong></span> 
     </span>
    </p>
   </div>
   <div class='ocr_carea' id='block_1_3' title="bbox 70 1956 1068 2034">
    <p class='ocr_par' dir='ltr' id='par_1_4' title="bbox 70 1956 1068 2034">
     <span class='ocr_line' id='line_1_19' title="bbox 70 1956 1068 2034; baseline -0.001 -19"><span class='ocrx_word' id='word_1_130' title='bbox 70 2003 73 2009; x_wconf 90' lang='lat'><em>.</em></span> <span class='ocrx_word' id='word_1_131' title='bbox 158 1957 308 2016; x_wconf 90' lang='lat' dir='ltr'><strong>missuros</strong></span> <span class='ocrx_word' id='word_1_132' title='bbox 323 1976 423 2033; x_wconf 92' lang='lat' dir='ltr'><strong>neque</strong></span> <span class='ocrx_word' id='word_1_133' title='bbox 437 1956 536 2015; x_wconf 90' lang='lat' dir='ltr'><strong>ullam</strong></span> <span class='ocrx_word' id='word_1_134' title='bbox 551 1957 763 2018; x_wconf 90' lang='lat' dir='ltr'><strong>condicionem</strong></span> <span class='ocrx_word' id='word_1_135' title='bbox 778 1956 864 2034; x_wconf 88' lang='lat' dir='ltr'><strong>pacis</strong></span> <span class='ocrx_word' id='word_1_136' title='bbox 879 1962 1068 2033; x_wconf 81' lang='lat' dir='ltr'><strong>accepturos.</strong></span> 
     </span>
    </p>
   </div>
   <div class='ocr_carea' id='block_1_4' title="bbox 85 2049 1221 3392">
    <p class='ocr_par' dir='ltr' id='par_1_5' title="bbox 158 2049 1221 3005">
     <span class='ocr_line' id='line_1_20' title="bbox 199 2049 1221 2131; baseline -0.001 -19"><span class='ocrx_word' id='word_1_137' title='bbox 199 2053 253 2119; x_wconf 83' lang='lat'><strong>16.</strong></span> <span class='ocrx_word' id='word_1_138' title='bbox 281 2055 358 2113; x_wconf 84' lang='lat' dir='ltr'><strong>Cum</strong></span> <span class='ocrx_word' id='word_1_139' title='bbox 379 2073 436 2131; x_wconf 90' lang='lat' dir='ltr'><strong>per</strong></span> <span class='ocrx_word' id='word_1_140' title='bbox 456 2058 563 2112; x_wconf 86' lang='lat' dir='ltr'><strong>eorum</strong></span> <span class='ocrx_word' id='word_1_141' title='bbox 585 2053 663 2113; x_wconf 91' lang='lat' dir='ltr'><strong>fines</strong></span> <span class='ocrx_word' id='word_1_142' title='bbox 684 2054 825 2114; x_wconf 88' lang='lat' dir='ltr'><strong>triduum</strong></span> <span class='ocrx_word' id='word_1_143' title='bbox 843 2053 905 2112; x_wconf 91' lang='lat' dir='ltr'><strong>iter</strong></span> <span class='ocrx_word' id='word_1_144' title='bbox 921 2049 1057 2126; x_wconf 83' lang='lat' dir='ltr'><strong>fecisset,</strong></span> <span class='ocrx_word' id='word_1_145' title='bbox 1073 2053 1157 2112; x_wconf 90' lang='lat' dir='ltr'><strong>inve·</strong></span> <span class='ocrx_word' id='word_1_146' title='bbox 1213 2115 1221 2131; x_wconf 74' lang='lat'>.</span> 
     </span>
     <span class='ocr_line' id='line_1_21' title="bbox 158 2150 1211 2227; baseline -0.001 -18"><span class='ocrx_word' id='word_1_147' title='bbox 158 2151 265 2210; x_wconf 91' lang='lat' dir='ltr'><strong>niebat</strong></span> <span class='ocrx_word' id='word_1_148' title='bbox 290 2170 328 2208; x_wconf 81' lang='lat' dir='ltr'><strong>ex</strong></span> <span class='ocrx_word' id='word_1_149' title='bbox 356 2150 489 2227; x_wconf 87' lang='lat' dir='ltr'><strong>captivis</strong></span> <span class='ocrx_word' id='word_1_150' title='bbox 519 2150 625 2210; x_wconf 83' lang='lat' dir='ltr'><strong>Sabim</strong></span> <span class='ocrx_word' id='word_1_151' title='bbox 652 2150 769 2209; x_wconf 90' lang='lat' dir='ltr'><strong>flumen</strong></span> <span class='ocrx_word' id='word_1_152' title='bbox 796 2151 836 2209; x_wconf 89' lang='lat' dir='ltr'><strong>ab</strong></span> <span class='ocrx_word' id='word_1_153' title='bbox 863 2150 976 2209; x_wconf 88' lang='lat' dir='ltr'><strong>castris</strong></span> <span class='ocrx_word' id='word_1_154' title='bbox 1004 2150 1070 2210; x_wconf 90' lang='lat' dir='ltr'><strong>suis</strong></span> <span class='ocrx_word' id='word_1_155' title='bbox 1094 2169 1156 2209; x_wconf 88' lang='lat' dir='ltr'><strong>non</strong></span> <span class='ocrx_word' id='word_1_156' title='bbox 1182 2178 1211 2208; x_wconf 86' lang='lat'><strong>20</strong></span> 
     </span>
     <span class='ocr_line' id='line_1_22' title="bbox 158 2246 1156 2324; baseline -0.001 -16"><span class='ocrx_word' id='word_1_157' title='bbox 158 2248 294 2324; x_wconf 88' lang='lat' dir='ltr'><strong>amplius</strong></span> <span class='ocrx_word' id='word_1_158' title='bbox 310 2246 397 2306; x_wconf 92' lang='lat' dir='ltr'><strong>milia</strong></span> <span class='ocrx_word' id='word_1_159' title='bbox 411 2266 559 2323; x_wconf 87' lang='lat' dir='ltr'><strong>passuum</strong></span> <span class='ocrx_word' id='word_1_160' title='bbox 576 2267 598 2305; x_wconf 84' lang='lat' dir='ltr'>x</span> <span class='ocrx_word' id='word_1_161' title='bbox 615 2248 738 2306; x_wconf 89' lang='lat' dir='ltr'><strong>abesse:</strong></span> <span class='ocrx_word' id='word_1_162' title='bbox 760 2252 849 2308; x_wconf 91' lang='lat' dir='ltr'><strong>trans</strong></span> <span class='ocrx_word' id='word_1_163' title='bbox 868 2247 902 2306; x_wconf 92' lang='lat' dir='ltr'><strong>id</strong></span> <span class='ocrx_word' id='word_1_164' title='bbox 918 2246 1034 2307; x_wconf 88' lang='lat' dir='ltr'><strong>fiumen</strong></span> <span class='ocrx_word' id='word_1_165' title='bbox 1049 2267 1156 2307; x_wconf 92' lang='lat' dir='ltr'><strong>omnes</strong></span> 
     </span>
     <span class='ocr_line' id='line_1_23' title="bbox 158 2344 1157 2422; baseline 0 -18"><span class='ocrx_word' id='word_1_166' title='bbox 158 2345 293 2404; x_wconf 88' lang='lat' dir='ltr'><strong>Nervios</strong></span> <span class='ocrx_word' id='word_1_167' title='bbox 311 2345 488 2404; x_wconf 89' lang='lat' dir='ltr'><strong>consedisse</strong></span> <span class='ocrx_word' id='word_1_168' title='bbox 503 2344 734 2421; x_wconf 85' lang='lat' dir='ltr'><strong>adventumque</strong></span> <span class='ocrx_word' id='word_1_169' title='bbox 749 2344 794 2403; x_wconf 90' lang='lat' dir='ltr'><strong>ibi</strong></span> <span class='ocrx_word' id='word_1_170' title='bbox 809 2345 1021 2402; x_wconf 83' lang='lat' dir='ltr'><strong>Romanorum</strong></span> <span class='ocrx_word' id='word_1_171' title='bbox 1035 2363 1157 2422; x_wconf 86' lang='lat' dir='ltr'><strong>exspec-</strong></span> 
     </span>
     <span class='ocr_line' id='line_1_24' title="bbox 159 2440 1155 2516; baseline -0.002 -14"><span class='ocrx_word' id='word_1_172' title='bbox 159 2450 227 2503; x_wconf 88' lang='lat' dir='ltr'><strong>tare</strong></span> <span class='ocrx_word' id='word_1_173' title='bbox 247 2461 311 2500; x_wconf 89' lang='lat' dir='ltr'><strong>una</strong></span> <span class='ocrx_word' id='word_1_174' title='bbox 331 2460 400 2500; x_wconf 90' lang='lat' dir='ltr'><strong>cum</strong></span> <span class='ocrx_word' id='word_1_175' title='bbox 422 2441 584 2499; x_wconf 82' lang='lat' dir='ltr'><strong>Atrebatis</strong></span> <span class='ocrx_word' id='word_1_176' title='bbox 606 2447 638 2500; x_wconf 89' lang='lat' dir='ltr'><strong>et</strong></span> <span class='ocrx_word' id='word_1_177' title='bbox 658 2440 885 2501; x_wconf 88' lang='lat' dir='ltr'><strong>Vercmanduis</strong></span> <span class='ocrx_word' id='word_1_178' title='bbox 910 2441 1056 2500; x_wconf 90' lang='lat' dir='ltr'><strong>finitimis</strong></span> <span class='ocrx_word' id='word_1_179' title='bbox 1080 2442 1155 2516; x_wconf 85' lang='lat' dir='ltr'><strong>suis,</strong></span> 
     </span>
     <span class='ocr_line' id='line_1_25' title="bbox 159 2537 1160 2616; baseline -0.001 -18"><span class='ocrx_word' id='word_1_180' title='bbox 159 2559 232 2599; x_wconf 91' lang='lat' dir='ltr'><strong>nam</strong></span> <span class='ocrx_word' id='word_1_181' title='bbox 254 2539 305 2599; x_wconf 92' lang='lat' dir='ltr'><strong>his</strong></span> <span class='ocrx_word' id='word_1_182' title='bbox 328 2538 469 2616; x_wconf 90' lang='lat' dir='ltr'><strong>utrisque</strong></span> <span class='ocrx_word' id='word_1_183' title='bbox 492 2543 711 2616; x_wconf 87' lang='lat' dir='ltr'><strong>persuaserant</strong></span> <span class='ocrx_word' id='word_1_184' title='bbox 736 2537 785 2596; x_wconf 92' lang='lat' dir='ltr'><strong>uti</strong></span> <span class='ocrx_word' id='word_1_185' title='bbox 809 2538 939 2597; x_wconf 88' lang='lat' dir='ltr'><strong>eandem</strong></span> <span class='ocrx_word' id='word_1_186' title='bbox 964 2537 1039 2597; x_wconf 89' lang='lat' dir='ltr'><strong>belli</strong></span> <span class='ocrx_word' id='word_1_187' title='bbox 1062 2539 1160 2598; x_wconf 84' lang='lat' dir='ltr'><strong>fortu-</strong></span> 
     </span>
     <span class='ocr_line' id='line_1_26' title="bbox 159 2634 1210 2714; baseline 0 -20"><span class='ocrx_word' id='word_1_188' title='bbox 159 2656 231 2696; x_wconf 91' lang='lat' dir='ltr'><strong>nam</strong></span> <span class='ocrx_word' id='word_1_189' title='bbox 246 2637 480 2714; x_wconf 82' lang='lat' dir='ltr'><strong>experirentur3</strong></span> <span class='ocrx_word' id='word_1_190' title='bbox 503 2634 678 2711; x_wconf 80' lang='lat' dir='ltr'><strong>exspectari</strong></span> <span class='ocrx_word' id='word_1_191' title='bbox 693 2634 788 2694; x_wconf 91' lang='lat' dir='ltr'><strong>etiam</strong></span> <span class='ocrx_word' id='word_1_192' title='bbox 804 2635 843 2694; x_wconf 93' lang='lat' dir='ltr'><strong>ab</strong></span> <span class='ocrx_word' id='word_1_193' title='bbox 855 2634 905 2694; x_wconf 91' lang='lat' dir='ltr'><strong>his</strong></span> <span class='ocrx_word' id='word_1_194' title='bbox 919 2635 1156 2695; x_wconf 85' lang='lat' dir='ltr'><strong>Aduatuoorum</strong></span> <span class='ocrx_word' id='word_1_195' title='bbox 1184 2664 1210 2711; x_wconf 86' lang='lat'><strong>²5</strong></span> 
     </span>
     <span class='ocr_line' id='line_1_27' title="bbox 159 2731 1158 2810; baseline -0.001 -18"><span class='ocrx_word' id='word_1_196' title='bbox 159 2733 264 2810; x_wconf 88' lang='lat' dir='ltr'><strong>copias</strong></span> <span class='ocrx_word' id='word_1_197' title='bbox 278 2738 373 2810; x_wconf 88' lang='lat' dir='ltr'><strong>atque</strong></span> <span class='ocrx_word' id='word_1_198' title='bbox 387 2752 454 2792; x_wconf 88' lang='lat' dir='ltr'><strong>esse</strong></span> <span class='ocrx_word' id='word_1_199' title='bbox 469 2733 502 2791; x_wconf 90' lang='lat' dir='ltr'><strong>in</strong></span> <span class='ocrx_word' id='word_1_200' title='bbox 517 2732 644 2807; x_wconf 82' lang='lat' dir='ltr'><strong>itinere3</strong></span> <span class='ocrx_word' id='word_1_201' title='bbox 665 2732 811 2790; x_wconf 91' lang='lat' dir='ltr'><strong>mulieres</strong></span> <span class='ocrx_word' id='word_1_202' title='bbox 826 2731 942 2808; x_wconf 91' lang='lat' dir='ltr'><strong>quique</strong></span> <span class='ocrx_word' id='word_1_203' title='bbox 956 2751 1012 2809; x_wconf 90' lang='lat' dir='ltr'><strong>per</strong></span> <span class='ocrx_word' id='word_1_204' title='bbox 1022 2738 1158 2791; x_wconf 89' lang='lat' dir='ltr'><strong>aetatem</strong></span> 
     </span>
     <span class='ocr_line' id='line_1_28' title="bbox 159 2828 1156 2908; baseline -0.001 -18"><span class='ocrx_word' id='word_1_205' title='bbox 159 2831 200 2890; x_wconf 89' lang='lat' dir='ltr'><strong>ad</strong></span> <span class='ocrx_word' id='word_1_206' title='bbox 220 2850 355 2908; x_wconf 90' lang='lat' dir='ltr'><strong>pugnam</strong></span> <span class='ocrx_word' id='word_1_207' title='bbox 378 2829 507 2889; x_wconf 88' lang='lat' dir='ltr'><strong>inutiles</strong></span> <span class='ocrx_word' id='word_1_208' title='bbox 522 2829 706 2888; x_wconf 87' lang='lat' dir='ltr'><strong>viderentur</strong></span> <span class='ocrx_word' id='word_1_209' title='bbox 723 2828 755 2887; x_wconf 88' lang='lat' dir='ltr'><strong>in</strong></span> <span class='ocrx_word' id='word_1_210' title='bbox 773 2848 845 2887; x_wconf 93' lang='lat' dir='ltr'><strong>eum</strong></span> <span class='ocrx_word' id='word_1_211' title='bbox 861 2828 964 2887; x_wconf 88' lang='lat' dir='ltr'><strong>locum</strong></span> <span class='ocrx_word' id='word_1_212' title='bbox 979 2828 1156 2906; x_wconf 86' lang='lat' dir='ltr'><strong>coniecisse,</strong></span> 
     </span>
     <span class='ocr_line' id='line_1_29' title="bbox 160 2926 977 3005; baseline -0.001 -20"><span class='ocrx_word' id='word_1_213' title='bbox 160 2946 222 3005; x_wconf 92' lang='lat' dir='ltr'><strong>quo</strong></span> <span class='ocrx_word' id='word_1_214' title='bbox 236 2933 364 3004; x_wconf 88' lang='lat' dir='ltr'><strong>propter</strong></span> <span class='ocrx_word' id='word_1_215' title='bbox 378 2927 507 3003; x_wconf 90' lang='lat' dir='ltr'><strong>paludes</strong></span> <span class='ocrx_word' id='word_1_216' title='bbox 523 2926 673 2985; x_wconf 88' lang='lat' dir='ltr'><strong>exercitui</strong></span> <span class='ocrx_word' id='word_1_217' title='bbox 689 2926 793 2985; x_wconf 89' lang='lat' dir='ltr'><strong>aditus</strong></span> <span class='ocrx_word' id='word_1_218' title='bbox 808 2944 872 2984; x_wconf 92' lang='lat' dir='ltr'><strong>non</strong></span> <span class='ocrx_word' id='word_1_219' title='bbox 886 2932 977 2985; x_wconf 86' lang='lat' dir='ltr'><strong>esset.</strong></span> 
     </span>
    </p>

    <p class='ocr_par' dir='ltr' id='par_1_6' title="bbox 85 3022 1214 3392">
     <span class='ocr_line' id='line_1_30' title="bbox 200 3022 1158 3102; baseline 0.002 -20"><span class='ocrx_word' id='word_1_220' title='bbox 200 3023 251 3089; x_wconf 76' lang='grc'><strong>17.</strong></span> <span class='ocrx_word' id='word_1_221' title='bbox 280 3024 342 3082; x_wconf 90' lang='lat' dir='ltr'><strong>His</strong></span> <span class='ocrx_word' id='word_1_222' title='bbox 369 3024 461 3082; x_wconf 90' lang='lat' dir='ltr'><strong>rebus</strong></span> <span class='ocrx_word' id='word_1_223' title='bbox 490 3023 624 3100; x_wconf 86' lang='lat' dir='ltr'><strong>cognitis</strong></span> <span class='ocrx_word' id='word_1_224' title='bbox 653 3022 866 3101; x_wconf 84' lang='lat' dir='ltr'><strong>exploratores</strong></span> <span class='ocrx_word' id='word_1_225' title='bbox 898 3022 1158 3102; x_wconf 87' lang='lat' dir='ltr'><strong>centurionesque</strong></span> 
     </span>
     <span class='ocr_line' id='line_1_31' title="bbox 160 3120 1214 3199; baseline 0.002 -19"><span class='ocrx_word' id='word_1_226' title='bbox 160 3120 337 3199; x_wconf 89' lang='lat' dir='ltr'><strong>praemittit</strong></span> <span class='ocrx_word' id='word_1_227' title='bbox 351 3120 406 3196; x_wconf 90' lang='lat' dir='ltr'><strong>qui</strong></span> <span class='ocrx_word' id='word_1_228' title='bbox 419 3120 523 3179; x_wconf 91' lang='lat' dir='ltr'><strong>locum</strong></span> <span class='ocrx_word' id='word_1_229' title='bbox 537 3121 684 3179; x_wconf 91' lang='lat' dir='ltr'><strong>idoneum</strong></span> <span class='ocrx_word' id='word_1_230' title='bbox 699 3120 810 3180; x_wconf 91' lang='lat' dir='ltr'><strong>castris</strong></span> <span class='ocrx_word' id='word_1_231' title='bbox 825 3120 977 3196; x_wconf 85' lang='lat' dir='ltr'><strong>deligant.</strong></span> <span class='ocrx_word' id='word_1_232' title='bbox 1020 3120 1099 3181; x_wconf 86' lang='lat' dir='ltr'><strong>Cum</strong></span> <span class='ocrx_word' id='word_1_233' title='bbox 1118 3140 1158 3180; x_wconf 84' lang='lat' dir='ltr'><strong>ex</strong></span> <span class='ocrx_word' id='word_1_234' title='bbox 1185 3151 1214 3197; x_wconf 83' lang='lat'><strong>30</strong></span> 
     </span>
     <span class='ocr_line' id='line_1_32' title="bbox 160 3216 1160 3294; baseline -0.001 -16"><span class='ocrx_word' id='word_1_235' title='bbox 160 3217 319 3278; x_wconf 88' lang='lat' dir='ltr'><strong>dediticiis</strong></span> <span class='ocrx_word' id='word_1_236' title='bbox 340 3216 449 3293; x_wconf 88' lang='lat' dir='ltr'><strong>Belgis</strong></span> <span class='ocrx_word' id='word_1_237' title='bbox 470 3216 662 3294; x_wconf 87' lang='lat' dir='ltr'><strong>reliquisque</strong></span> <span class='ocrx_word' id='word_1_238' title='bbox 682 3217 784 3277; x_wconf 87' lang='lat' dir='ltr'><strong>Gallis</strong></span> <span class='ocrx_word' id='word_1_239' title='bbox 806 3216 981 3294; x_wconf 91' lang='lat' dir='ltr'><strong>complures</strong></span> <span class='ocrx_word' id='word_1_240' title='bbox 996 3216 1160 3277; x_wconf 86' lang='lat' dir='ltr'><strong>Caesarem</strong></span> 
     </span>
     <span class='ocr_line' id='line_1_33' title="bbox 85 3313 1160 3392; baseline -0.001 -16"><span class='ocrx_word' id='word_1_241' title='bbox 85 3334 88 3347; x_wconf 91' lang='lat'>·</span> <span class='ocrx_word' id='word_1_242' title='bbox 161 3315 262 3376; x_wconf 85' lang='lat' dir='ltr'><strong>secuti</strong></span> <span class='ocrx_word' id='word_1_243' title='bbox 285 3333 349 3375; x_wconf 90' lang='lat' dir='ltr'><strong>una</strong></span> <span class='ocrx_word' id='word_1_244' title='bbox 373 3314 434 3374; x_wconf 91' lang='lat' dir='ltr'><strong>iter</strong></span> <span class='ocrx_word' id='word_1_245' title='bbox 455 3315 604 3388; x_wconf 85' lang='lat' dir='ltr'><strong>facerent,</strong></span> <span class='ocrx_word' id='word_1_246' title='bbox 628 3313 756 3390; x_wconf 88' lang='lat' dir='ltr'><strong>quidam</strong></span> <span class='ocrx_word' id='word_1_247' title='bbox 780 3333 820 3372; x_wconf 82' lang='lat' dir='ltr'><strong>ex</strong></span> <span class='ocrx_word' id='word_1_248' title='bbox 843 3313 903 3389; x_wconf 90' lang='lat' dir='ltr'><strong>his,</strong></span> <span class='ocrx_word' id='word_1_249' title='bbox 926 3319 963 3373; x_wconf 90' lang='lat' dir='ltr'><strong>ut</strong></span> <span class='ocrx_word' id='word_1_250' title='bbox 987 3319 1097 3392; x_wconf 90' lang='lat' dir='ltr'><strong>postea</strong></span> <span class='ocrx_word' id='word_1_251' title='bbox 1120 3335 1160 3375; x_wconf 83' lang='lat' dir='ltr'><strong>ex</strong></span> 
     </span>
    </p>
   </div>
   <div class='ocr_carea' id='block_1_5' title="bbox 0 0 1371 3750">
    <p class='ocr_par' dir='ltr' id='par_1_7' title="bbox 0 0 1371 3750">
     <span class='ocr_line' id='line_1_34' title="bbox 0 0 1371 3750; baseline 0 0"><span class='ocrx_word' id='word_1_252' title='bbox 0 0 1371 3750; x_wconf 95' lang='lat' dir='ltr'><strong> </strong></span> 
     </span>
    </p>
   </div>
  </div>
 </body>
</html>
