2710 3750
135 152 179 217 14
455 149 614 216 cnsan's
636 165 770 215 annuo
794 166 883 215 wne

186 334 314 396 deuouit
326 352 468 413 quaeque
483 306 584 412 prima
598 339 686 411 signa
700 333 874 412 conspexit,
886 334 927 394 ad
940 334 1018 396 haec
1032 334 1187 411 constitit,

185 450 226 492 ne
240 432 275 491 in
288 429 475 510 quaerendis
489 431 555 491 suis
570 432 731 510 pognandi
746 437 870 509 tempus
885 431 1068 492 dimitteret.

284 547 420 604 dovenio,
431 547 562 608 pervenio.
751 548 961 606 adcommoda,
974 553 1045 610 opto.

283 630 446 690 pristinus:
466 635 546 688 vetus,
560 629 695 690 antiquus.
752 630 855 689 induo,
870 629 975 679 iudico.

284 714 439 771 perturbo,
453 724 610 770 ‹sommovea
623 711 661 761 12.
752 713 892 771 dotrodo,
907 712 1024 762 ditruto.

284 796 426 853 sustineo,
439 778 567 852 susteuto,
579 793 603 842 6.
750 797 833 852 oosu,
842 794 923 856 sorte.

284 891 420 935 occurro,
434 875 531 927 incido.
753 878 914 935 conspicio,
927 877 1072 939 conspimr.

285 960 445 1020 exiguitas,
460 959 580 1009 brevitas.
751 959 882 1018 dimitto,
893 960 995 1010 omitto.

186 1115 240 1177 All
253 1118 280 1175 is
293 1118 450 1192 confusion
468 1118 501 1173 iu
518 1115 567 1174 tlte
584 1116 671 1174 battle
678 1132 692 1188 ,·
713 1116 759 1174 tlre
773 1117 968 1174 oommouder
980 1134 1037 1174 coo
1051 1118 1090 1175 clo
1104 1116 1187 1176 little.

228 1237 286 1303 22.
309 1226 469 1297 instructo
488 1235 628 1296 exercitu
645 1236 744 1313 magis
766 1241 802 1296 ut
823 1235 884 1296 loci
906 1244 1019 1297 notora
1036 1237 1188 1298 deiectus-

187 1353 248 1415 que
268 1333 358 1396 collis
379 1340 412 1394 et
433 1333 605 1395 necessitas
626 1333 777 1411 temporis
800 1352 894 1412 quam
914 1342 951 1394 ut
973 1334 1019 1394 rei
1040 1335 1187 1395 militaris

186 1432 268 1493 ratio
286 1438 381 1511 atque
398 1431 474 1491 ordo
491 1431 795 1508 postulobat,i'1obat
815 1435 852 1490 ut
868 1429 949 1491 aliae
967 1431 1107 1508 legiones
1126 1432 1190 1492 alia

186 1528 220 1590 in
230 1535 319 1608 parte
330 1528 474 1589 hostibus
487 1526 669 1587 resisterent
680 1550 687 1602 ;
707 1527 853 1605 saepibus
864 1534 970 1587 autem
982 1528 1188 1603 densissimis,

150 1644 166 1692 5
187 1631 224 1687 ut
242 1632 315 1686 ante
334 1625 627 1699 domonstravimus,
643 1624 816 1684 interiectis
838 1633 1022 1703 prospectus
1044 1626 1190 1704 impedio·

186 1724 288 1798 botur,
310 1728 346 1782 ut
366 1740 468 1800 neque
488 1727 575 1781 certa
595 1721 736 1781 subsidia
756 1722 920 1797 conlocori,
943 1741 1044 1801 neque
1065 1723 1105 1783 ab
1128 1730 1188 1782 ono

186 1820 292 1880 omnia
316 1819 447 1897 imperia
470 1817 685 1879 administrori
710 1824 848 1896 possent.
901 1820 1015 1896 Itaque
1040 1819 1074 1879 in
1097 1826 1189 1880 tanta

187 1924 290 1978 rorum
313 1915 488 1995 iniquitote,
511 1916 657 1976 fortonae
675 1933 798 1994 quoque
823 1922 956 1976 oventus
979 1916 1058 1976 varii
1082 1924 1189 1996 sequo-

186 2015 308 2075 bantur.

283 2130 426 2188 disiectus,
439 2128 581 2189 dooooitoa
595 2126 619 2177 8.
787 2130 976 2190 administro,
990 2143 1050 2192 ooo,
1063 2129 1104 2181 20.

284 2214 373 2270 ratio,
386 2212 504 2262 scientio.
784 2212 941 2271 iniquitas,
953 2214 1077 2263 varietus.

283 2296 430 2355 interisio,
444 2295 589 2357 interpono.
786 2298 921 2355 orantus,
935 2295 1021 2346 cocus.

311 2452 372 2510 Tite
388 2453 477 2512 battle
495 2470 589 2512 seems
607 2461 637 2512 to
655 2456 689 2514 be
705 2457 796 2534 pciup
811 2458 932 2532 opulust
953 2455 1065 2517 Ooesor.

227 2565 284 2632 23.
307 2566 455 2644 Legionis
475 2576 575 2628 nonae
596 2574 629 2628 et
650 2569 787 2630 decimae
802 2570 928 2645 milites,
944 2576 980 2630 ut
1002 2570 1035 2629 in
1056 2569 1188 2629 sinistra

185 2669 275 2743 parte
297 2663 363 2723 anie
385 2665 602 2739 constiterant,
626 2666 796 2727 Atrebates
819 2686 913 2727 cursu
938 2675 974 2727 oc
998 2666 1186 2727 lassitodine

185 2761 380 2821 exanimotos
410 2761 654 2840 vulneribusque
682 2764 843 2824 confectos
874 2764 1018 2823 celeriter
1049 2783 1087 2823 ex
1118 2763 1186 2823 loco

185 2858 346 2936 superiore
374 2857 407 2917 in
434 2858 550 2918 flumen
578 2859 804 2936 compulerunt.
861 2863 942 2920 Turn
970 2880 1023 2920 eos
1051 2865 1185 2920 tronsire

149 2974 163 3022 5
185 2961 334 3016 conantes
354 2955 496 3029 Inseooti,
519 2955 633 3032 gladiis
655 2964 800 3033 mognam
821 2965 942 3035 partem
964 2966 1070 3018 eorum
1092 2958 1186 3016 inter·

185 3053 335 3113 focerunt.
380 3052 448 3130 Ipsi
472 3058 606 3112 tronsire
631 3052 747 3113 flumen
768 3062 830 3115 non
853 3054 1076 3115 dubitovorunt
1098 3060 1130 3113 et
1152 3053 1186 3112 in

184 3150 285 3210 locum
308 3149 450 3227 ianuum
472 3149 639 3228 progressi,
655 3150 762 3211 hostes
783 3151 996 3228 redintegroto
1014 3151 1132 3229 proelio
1151 3150 1186 3209 in

184 3246 293 3324 fugam
317 3247 525 3307 ooniocorunt.
568 3247 650 3306 Item
676 3248 739 3308 alia
763 3248 796 3308 in
820 3254 911 3326 parte
937 3250 1079 3308 diversae
1104 3248 1184 3307 duae

183 3342 511 3420 legioneS,r'1ndeoima
532 3349 564 3403 et
587 3349 706 3419 octova,
722 3364 761 3404 ex
782 3345 850 3405 loco
870 3345 1029 3423 superiore
1051 3344 1084 3403 in
1106 3343 1197 3421 ipsis*
