2710 3750
456 119 617 184 emsaa's
639 135 772 184 sunnio
796 134 885 185 wau

241 319 310 380 Will
331 318 462 381 eccam
483 321 614 379 coolnesr
633 322 697 379 cad
717 336 844 396 couroye
865 337 936 379 soce
956 320 1005 378 bic
1025 320 1140 396 army?

228 431 285 497 25.
307 432 422 493 Caesar
442 432 482 492 ab
501 432 641 492 decimae
665 431 799 508 legionis
820 432 1037 492 cobortotione
1058 433 1099 491 ad
1119 433 1190 491 dex·

187 536 271 590 trum
285 547 381 588 cornu
395 529 557 606 profectus
573 546 645 588 suos
660 529 765 605 urgeri
786 536 818 588 et
839 529 1040 589 duodecimae
1054 528 1189 605 legionis

186 629 345 688 confertos
360 626 477 684 milites
493 625 554 684 sibi
568 625 653 703 ipsos
672 628 711 685 ad
729 634 865 703 pignam
881 644 949 684 esse
964 625 1188 702 impedimento

185 726 274 786 vidit.
318 726 453 796 Quartae
478 723 616 783 cohortis
642 742 750 782 omnes
776 722 974 782 centuriones
998 721 1092 782 occisi
1113 729 1189 782 sunt

149 832 226 900 set,
245 823 395 901 signifero
416 821 592 895 interfecte,
617 825 741 896 signum
765 825 815 879 est
841 825 998 879 omissum.
1042 819 1189 897 Reliquo-

185 942 254 980 rum
268 920 444 981 cohortium
458 937 565 978 ornnes
586 917 653 977 fere
675 917 874 977 centuriones
888 923 944 975 aut
959 917 1116 977 vulneroti
1134 925 1189 976 aut

186 1019 277 1079 occisi
299 1023 381 1092 sunt,
397 1018 432 1077 in
452 1018 500 1076 his
523 1016 700 1094 primipilus
723 1016 759 1074 P.
781 1014 908 1074 Sextius
923 1014 1068 1089 Baculus,
1084 1015 1189 1074 fortis·

186 1116 283 1176 simus
296 1116 351 1190 vir,
365 1115 473 1174 multis
485 1114 694 1191 gravibusque
707 1112 889 1172 vulneribus
904 1112 1066 1171 confectus
1079 1120 1114 1171 ut
1126 1111 1188 1171 iam

185 1231 218 1273 se
230 1213 384 1272 sustinere
397 1220 460 1272 non
476 1219 590 1289 posset.
628 1213 689 1271 His
701 1213 793 1272 robus
806 1212 943 1289 reliquos
955 1231 1023 1272 esse
1035 1211 1187 1272 tardiores

136 1338 163 1371 ιο
186 1311 265 1369 vidit
280 1310 393 1370 Caesar
407 1316 439 1369 et
453 1310 620 1369 nonnollos
637 1310 761 1369 doserto
776 1309 895 1387 proelio
910 1310 1058 1369 excedere
1074 1316 1109 1368 oc
1123 1309 1189 1369 tola

185 1413 301 1482 vitore3
326 1406 433 1466 hostes
456 1415 560 1466 autem
584 1426 685 1484 neque
711 1426 730 1467 a
755 1408 860 1468 fronte
885 1426 925 1466 ex
947 1406 1097 1466 Inferiore
1119 1405 1188 1467 loco

185 1504 354 1563 subeuntes
377 1503 587 1563 intermittere
611 1509 643 1563 et
664 1504 703 1563 ab
726 1511 859 1582 utroque
882 1504 981 1564 latere
1004 1509 1131 1579 iustore,
1156 1509 1188 1563 et

184 1620 250 1660 rem
271 1619 339 1660 esse
360 1600 394 1659 iu
414 1609 556 1677 angusto,
572 1620 674 1679 neque
697 1601 796 1660 olium
818 1621 886 1662 esse
909 1601 1083 1662 subsidium
1104 1601 1188 1680 quod

184 1697 330 1757 submitti
352 1703 466 1776 posset.
516 1699 597 1757 Tum
623 1705 696 1758 voro
722 1705 810 1758 scoto
835 1700 888 1760 oni
916 1699 1011 1759 militi
1036 1701 1185 1772 dotracto,

135 1816 161 1862 15
185 1794 268 1872 quod
290 1794 358 1872 ipse
377 1813 414 1854 eo
435 1795 503 1855 sine
526 1802 614 1855 scoto
631 1802 769 1869 uouerat,
791 1796 823 1856 in
846 1803 976 1875 primam
998 1795 1096 1856 aciem
1121 1803 1188 1874 pro

184 1890 287 1965 cessit,
312 1892 611 1970 centurionibusque
635 1893 823 1953 nomiuotim
848 1894 1025 1971 appellotis‚
1050 1893 1187 1972 reliquos

184 1988 363 2048 cohortotus
376 1988 492 2048 milites
505 1995 593 2065 sIgna
602 1991 719 2049 inferre
730 1996 762 2049 et
775 1991 950 2068 manipulos
963 1991 1071 2050 laxore
1084 1990 1185 2065 iossit,

184 2104 245 2161 quo
258 2085 383 2145 facilius
395 2085 508 2161 gladiis
520 2086 566 2145 oti
578 2092 715 2163 possent.
757 2088 852 2148 Odius
865 2088 1002 2147 adventu
1017 2107 1072 2165 spe
1087 2087 1188 2147 inlota

184 2182 336 2241 militibus
353 2189 388 2241 oc
402 2183 617 2260 redintegratio
631 2184 736 2243 animo
751 2184 880 2262 paulum
894 2185 1034 2244 hostium
1049 2184 1186 2263 impetus

133 2311 163 2342 20
185 2280 329 2338 tardatus
344 2285 400 2339 est.

248 2390 352 2438 urgeo,
362 2391 463 2439 premo,
477 2376 517 2427 24.
696 2382 798 2439 subeo,
812 2381 927 2431 succido.

248 2463 411 2519 confertus,
423 2460 528 2520 (tonsus,
542 2460 582 2509 23.
697 2463 882 2513 intermitto:
902 2464 1003 2521 dociae,
1016 2464 1121 2515 dosisto.

248 2543 381 2602 signifer,
394 2542 530 2605 aquilifer.
698 2550 794 2595 insto:
814 2560 905 2608 arpeo,
913 2560 1016 2609 premo,
1028 2546 1068 2596 24.

248 2626 367 2684 omitto,
380 2626 493 2685 comitto,
506 2625 548 2673 21.
669 2641 671 2646 ·
697 2630 833 2686 dottam,
845 2631 930 2690 rapio.

248 2709 319 2766 fere,
328 2720 423 2768 paene,
439 2707 477 2755 19.
696 2713 777 2769 laxo,
792 2713 891 2772 aperto.

248 2791 414 2849 confectus,
427 2790 553 2852 dosessus,
566 2789 607 2839 23.
696 2794 794 2841 infero
810 2792 852 2857 (2)
863 2811 869 2841 :
888 2794 933 2851 do,
946 2794 1045 2857 adsero.

248 2874 372 2930 excodo,
387 2886 455 2922 exeo.
698 2876 878 2937 redintegro,
890 2890 996 2937 renovo,
1010 2875 1050 2927 23.

289 3008 320 3066 Α
336 3009 462 3087 abistiaq
474 3029 565 3070 scene.
602 3012 674 3071 Poll
692 3013 844 3087 ,Romana
861 3015 930 3088 pull
951 3016 1080 3075 Nervii!

223 3121 280 3187 26.
304 3120 509 3182 Caesareum
531 3123 696 3202 septimam
718 3126 883 3203 legionem,
906 3146 985 3206 quae
1007 3129 1096 3189 iuxta
1117 3137 1186 3191 con-

182 3218 316 3292 stiterat,
333 3218 410 3278 item
431 3221 535 3297 urgori
557 3222 595 3282 ab
616 3222 706 3282 hoste
727 3224 868 3300 vidisset,
883 3225 1026 3285 tribonos
1044 3226 1184 3286 militum

181 3317 303 3374 monuit
330 3323 366 3375 nt
394 3316 547 3394 paulotim
577 3325 643 3378 sose
671 3318 811 3395 legiones
840 3321 1072 3399 coniungerent.
1117 3323 1185 3393 Quo
