2710 3750
588 183 699 231 rinna
721 182 760 231 11.
1164 164 1205 228 33

154 352 270 429 Belgae
298 353 338 412 ad
365 351 500 411 Nervios
528 350 715 411 detulerant.
764 349 848 410 Nam
876 349 959 427 quod
983 348 1023 409 ad
1046 348 1154 409 hostes

154 447 434 527 adpropinquabat,
459 446 685 508 consuetudine
714 464 772 506 sua
799 446 913 508 Cacsar
937 463 993 505 sex
1016 445 1154 522 legiones

154 545 317 624 expeditas
329 546 477 622 ducebat;
499 551 571 623 post
585 562 637 603 eas
652 542 751 603 totius
763 543 919 603 exercitus
931 541 1156 620 impedimenta

153 642 329 702 conlocaret
338 665 346 718 ;
366 641 439 701 inde
453 642 532 701 duae
546 639 685 717 legiones
703 658 783 719 quae
800 640 942 718 proxime
959 638 1154 717 conscriptae

154 744 243 798 erant
257 743 359 798 toturn
374 756 485 816 agmen
496 737 682 798 claudebant
693 737 910 816 praesidioque
921 736 1154 814 impedimentis
1178 768 1190 817 ς

154 841 251 896 erant.
272 832 277 840 '
299 836 432 915 Equites
456 838 566 913 nostri,
587 856 657 898 cum
682 835 897 896 funditoribus
919 833 1154 911 sagittariisque

154 931 270 994 flumen
286 936 484 1012 transgressi,
499 955 570 996 cum
590 935 730 995 hostium
750 934 894 1013 equitatu
907 932 1062 1011 proelium
1076 950 1155 991 com-

153 1032 315 1091 miserunt.
358 1033 436 1093 Cum
457 1050 490 1093 se
512 1032 562 1092 illi
583 1032 755 1093 identidem
775 1032 808 1090 in
827 1031 924 1091 silvas
939 1030 978 1090 ad
993 1047 1066 1089 suos
1081 1028 1155 1089 reci-

153 1137 264 1209 perent
284 1150 319 1192 ac
341 1150 449 1191 rursus
470 1150 511 1191 er
531 1131 613 1191 silva
633 1130 667 1190 in
687 1136 812 1191 nostros
831 1130 985 1209 impetum
1003 1128 1152 1203 facerent,

154 1249 255 1309 neque
268 1231 368 1290 nostri
382 1230 508 1308 longius
530 1249 623 1309 quam
645 1249 738 1308 quern
759 1230 799 1289 ad
819 1228 913 1289 finem
928 1234 1073 1307 porrecta
1086 1228 1154 1288 loca
1178 1250 1203 1281 10

153 1334 263 1405 aperta
289 1328 489 1406 pertinebant
515 1328 662 1388 cedentes
690 1326 815 1405 insequi
839 1326 999 1400 auderent,
1026 1325 1153 1385 interim

152 1425 290 1502 legiones
306 1443 369 1500 sex,
386 1443 466 1504 quae
480 1424 599 1503 primae
612 1430 773 1500 venerant,
789 1443 882 1502 opere
896 1424 1037 1484 dimenso
1051 1429 1154 1483 castra

153 1522 274 1582 munire
289 1527 465 1600 coeperunt.
509 1521 574 1582 Ubi
595 1521 698 1600 prima
715 1521 941 1599 impedimenta
953 1519 1054 1580 nostri
1069 1539 1154 1580 exer-

152 1619 235 1679 citus
256 1618 355 1679 abiis
377 1618 432 1696 qui
453 1618 487 1677 in
508 1619 598 1678 silvis
620 1618 720 1679 abditi
734 1619 876 1679 latebant
888 1619 958 1678 visa
972 1624 1054 1693 sunt,
1070 1617 1153 1695 quod

152 1721 277 1793 tempus
295 1716 378 1776 inter
393 1734 445 1775 eos
460 1716 678 1776 committendi
692 1716 793 1793 proeli
806 1721 1003 1789 convenerat,
1019 1721 1055 1775 ut
1069 1715 1154 1775 intra
1177 1739 1201 1787 ις

153 1811 249 1873 silvas
277 1812 374 1872 aciem
404 1812 590 1891 ordinesque
618 1812 849 1873 constituerant
876 1818 970 1890 atque
999 1812 1061 1891 ipsi
1085 1831 1153 1872 sese

153 1909 420 1985 confirmaverant,
436 1910 542 1970 subito
556 1910 700 1970 omnibus
719 1909 818 1988 copiis
836 1911 1080 1989 provolaverunt
1100 1909 1155 1969 im-

152 2011 322 2084 petumque
341 2007 376 2065 in
395 2014 519 2067 nostros
534 2008 657 2085 equites
673 2007 824 2067 fecerunt.
867 2007 929 2067 His
944 2008 1037 2067 facile
1052 2007 1153 2085 pulsis

152 2121 188 2163 ac
208 2103 410 2181 proturbatis,
431 2103 609 2163 incredibili
630 2104 790 2165 celeritate
812 2104 852 2164 ad
872 2104 989 2164 flumen
1010 2105 1155 2165 decucur-

152 2205 270 2275 rerunt,
285 2206 321 2260 ut
335 2219 433 2279 paene
447 2220 510 2260 uno
524 2206 665 2278 tempore
687 2206 720 2261 et
740 2202 781 2261 ad
802 2201 898 2262 silvas
921 2207 953 2261 et
972 2201 1006 2260 in
1023 2200 1153 2261 flumine
1176 2226 1204 2257 20

152 2302 185 2357 et
213 2297 275 2357 iam
299 2297 334 2355 in
358 2297 501 2357 manibus
529 2297 646 2357 nostris
670 2297 778 2359 hostes
802 2299 992 2358 viderentur.
1034 2299 1153 2358 Eadem

153 2399 258 2454 autem
273 2393 434 2454 celeritate
449 2395 580 2454 adverso
593 2394 673 2455 colle
694 2396 735 2455 ad
754 2401 862 2456 nostra
875 2401 979 2456 castra
991 2401 1087 2473 atque
1101 2413 1153 2456 eos

66 2554 67 2558 ,
154 2491 208 2569 qui
223 2491 361 2569 inopere
376 2490 519 2569 occupati
533 2496 623 2550 erant
638 2493 875 2553 contenderunt.

194 2588 252 2654 20.
281 2588 406 2650 Caesari
428 2588 533 2647 omnia
552 2608 615 2647 uno
636 2594 776 2668 tempore
795 2594 886 2650 erant
900 2590 1036 2667 agenda:
1058 2589 1155 2650 vexil-

152 2686 218 2746 lum
239 2686 484 2764 proponendum,
499 2686 584 2763 quod
605 2692 672 2746 erat
693 2686 817 2764 insigne
838 2706 909 2747 cum
928 2687 968 2747 ad
986 2706 1073 2747 arma
1085 2704 1154 2747 con·
1176 2705 1203 2753 25

153 2784 236 2844 curri
250 2788 417 2862 oporteret,
433 2782 559 2860 signum
573 2784 651 2844 tuba
664 2784 809 2859 dandum,
824 2784 864 2844 ab
881 2803 973 2862 opere
987 2782 1154 2845 revocandi

153 2880 280 2956 milites,
296 2879 351 2958 qui
373 2880 466 2958 paulo
485 2879 610 2957 longius
632 2881 753 2958 aggeris
775 2881 903 2958 petendi
924 2899 1017 2941 causa
1034 2898 1154 2958 proces-

153 2982 259 3038 serant
283 2976 469 3052 arcessendi,
492 2977 574 3036 acies
599 2977 793 3053 instruenda,
816 2977 933 3036 milites
958 2977 1152 3052 cohortandi,

153 3073 278 3151 signum
299 3074 445 3133 dandum.
488 3073 625 3144 Quarum
647 3092 751 3132 rerum
772 3093 917 3151 magnam
938 3080 1060 3152 partem
1079 3079 1156 3133 tem·

153 3171 239 3250 poris
266 3170 404 3230 brevitas
434 3176 465 3230 et
493 3188 654 3230 successus
682 3171 822 3230 hostium
850 3171 1048 3249 impediebat.
1091 3171 1153 3231 His
1176 3189 1204 3235 30

153 3267 392 3329 difficultatibus
414 3267 493 3327 duae
517 3285 566 3327 res
592 3273 681 3327 erant
706 3268 1038 3329 subsidio-scientia
1059 3272 1153 3346 atque

153 3382 230 3425 usus
250 3365 398 3440 militum,
415 3366 498 3443 quod
516 3364 729 3443 superioribus
744 3365 873 3444 proeliis
888 3365 1061 3442 exercitati,
1077 3365 1155 3444 quid
