2710 3750
605 167 704 215 soor<
725 167 765 215 11.
1167 150 1208 219 17

157 333 250 408 iacto,
265 351 336 394 cum
353 332 435 393 alius
456 331 513 393 alii
533 332 710 393 subsidium
726 332 833 407 ferret,
849 332 997 393 audacius
1012 332 1160 393 resistere

157 438 193 490 ac
207 431 322 490 fortius
337 437 475 508 pignere
489 434 667 507 coeperunt.
711 430 846 488 Interim
864 430 981 489 milites
998 430 1158 506 legibnum
1180 445 1195 496 s

87 561 89 566 ·
157 529 298 602 duerum,
313 545 393 604 quae
412 526 446 584 in
463 526 635 585 novissimo
650 526 774 602 agmine
789 525 946 603 praesidio
961 525 1160 604 impedimen-

156 624 199 683 tis
211 624 347 697 inerant,
359 623 478 700 proelio
490 624 635 683 nuntieto
647 640 740 683 cursu
755 622 888 682 incitato
899 623 933 681 in
944 641 1065 683 summo
1080 623 1159 684 colle

156 721 196 780 ab
213 719 357 779 hostibus
372 719 660 797 conspiciebantur3
683 725 716 778 et
733 720 768 778 Τ.
788 719 945 779 Labienus
961 720 1073 781 castris
1092 721 1161 781 hos·

157 818 238 877 tium
261 823 379 894 potitus
403 817 554 876 decimam
577 815 733 892 legienem
759 816 899 876 subsidio
922 817 1040 878 nostris
1064 819 1158 879 misit.

157 915 217 984 Qui
232 934 303 974 cum
322 932 383 992 quo
398 914 432 972 iu
446 914 514 973 loco
528 931 578 973 res
596 920 688 987 esset,
704 920 883 993 quanteque
898 914 931 973 in
946 915 1083 992 periculo
1097 934 1160 976 cas·
1183 941 1211 974 ιο

157 1017 208 1072 tra
234 1019 267 1071 et
294 1012 433 1088 legienes
461 1018 495 1072 et
523 1011 694 1090 imperator
718 1018 905 1088 versaretur,
929 1012 1158 1090 cegnbvissent,

158 1108 239 1168 nihil
254 1109 294 1168 ad
308 1108 502 1169 celeritatem
516 1110 578 1169 sibi
592 1109 706 1187 reliqui
721 1110 872 1169 iecerunt.

199 1226 294 1283 lextra,
303 1237 396 1285 prope.
442 1226 600 1283 paulatim,
613 1225 755 1287 qrudetim.
808 1227 916 1284 potior,
929 1238 1034 1288 emano,
1049 1224 1073 1277 7.

199 1309 339 1365 censium,
353 1306 377 1356 6.
441 1308 573 1366 interim,
588 1309 698 1367 interca,
713 1307 752 1357 12.
809 1322 920 1366 versor,
934 1320 1002 1367 sam,
1017 1309 1038 1356 1.

200 1403 302 1450 urgeo,
315 1389 356 1438 25.
441 1391 602 1450 conspicio,
615 1390 698 1440 video.
809 1394 966 1451 cegnescc‚
979 1392 1090 1453 reperio,
1102 1388 1127 1441 4.

247 1538 287 1596 In
305 1539 352 1596 llic
364 1540 456 1614 fiercc
475 1539 587 1597 wrectlc
606 1538 653 1597 ide
673 1539 763 1597 trave
783 1538 893 1597 Nervii
910 1556 947 1614 qo
966 1539 1070 1596 under.

166 1622 181 1656 ⁶
200 1650 255 1716 27.
278 1652 401 1710 Horum
416 1652 554 1711 adventu
568 1656 657 1711 tanta
672 1657 775 1712 rerum
790 1651 993 1711 commutatio
1010 1657 1059 1711 est
1075 1651 1161 1711 facta

159 1753 195 1807 ut
218 1748 327 1823 nostri,
349 1748 445 1808 etiam
467 1749 522 1825 qui
544 1748 726 1807 vulneribus
750 1748 887 1807 coniecti
910 1746 1159 1825 precubuissent,

160 1845 313 1923 proelium
334 1844 602 1921 redintegrarent3
625 1845 748 1922 equites
770 1851 852 1919 vero,
873 1850 909 1904 ut
930 1843 1161 1922 turpitudinem

160 1943 253 2019 fugae
268 1942 384 2002 virtute
399 1942 547 2017 delerent,
563 1942 707 2001 omnibus
724 1941 758 2000 in
772 1941 850 2002 locis
870 1949 992 2019 pugnae
1012 1959 1045 2001 se
1064 1940 1160 2017 legie-

160 2040 257 2099 neriis
272 2039 425 2099 militibus
439 2040 642 2117 praeferrent.
679 2039 726 2098 At
740 2039 848 2098 hostes
863 2039 958 2099 etiam
973 2038 1007 2097 in
1021 2044 1162 2098 extrema
1182 2050 1197 2098 5

161 2157 216 2216 spe
237 2138 348 2197 salutis
370 2137 540 2197 maximam
561 2136 711 2196 virtutem
732 2136 976 2214 praestiterunt3
997 2154 1070 2195 nam
1091 2153 1161 2194 cum

160 2234 254 2312 primi
276 2242 383 2294 eorum
411 2234 606 2310 cecidissent,
631 2233 767 2311 proximi
795 2233 970 2293 iacentibus
995 2232 1161 2292 comitibus

160 2332 349 2391 iusistebant
370 2337 465 2409 atque
490 2351 529 2390 ex
553 2338 660 2390 eerum
686 2331 867 2408 corporibus
889 2330 1087 2408 pugnabant3
1112 2329 1162 2388 his

162 2430 291 2491 deiectis
312 2436 345 2489 et
365 2429 556 2489 coacervetis
578 2429 789 2502 cadaveribus,
810 2428 907 2488 ceteri
928 2434 964 2487 ut
983 2447 1022 2487 ex
1040 2426 1163 2486 tumulo
1191 2445 1201 2471 ·

161 2528 226 2588 tela
240 2527 273 2586 in
286 2534 411 2587 nostros
426 2527 620 2587 coniciebant
635 2533 668 2586 et
681 2527 746 2604 pila
760 2527 934 2604 intercepta
945 2524 1161 2584 remittebant:
1186 2544 1215 2581 ιο

161 2635 198 2685 ut
212 2625 342 2685 indicari
359 2625 485 2685 deberet
499 2632 563 2684 nen
581 2630 769 2703 nequiquam
788 2628 896 2683 tantae
917 2622 1046 2683 virtetis
1067 2620 1165 2680 homi·

161 2741 217 2782 nes
233 2742 323 2782 ausos
336 2741 404 2782 esse
415 2727 549 2782 transire
559 2722 750 2782 latissimum
761 2720 886 2794 flamen,
898 2720 1065 2780 ascendere
1080 2717 1165 2777 altis·

162 2820 257 2880 simas
277 2820 490 2898 rIpas,sub1re
512 2819 743 2897 iniquissimum
763 2817 883 2893 locum3
906 2835 985 2894 quae
999 2814 1107 2876 facilia
1125 2833 1164 2874 ex

162 2917 355 2977 difficillimis
371 2915 468 2976 animi
484 2916 666 2994 magnitudo
681 2916 851 2992 redegerat.

202 3040 375 3095 procumbo,
385 3037 502 3098 preside.
737 3037 829 3094 iaceo,
840 3035 992 3097 precamen.

203 3122 376 3177 turpitudo:
395 3120 556 3182 iqneminic,
568 3119 692 3181 eufemia.
735 3133 896 3168 coacervo:
916 3132 1037 3180 coriqcrc,
1050 3118 1123 3180 cecc.

203 3204 299 3259 deleo,
313 3203 459 3263 exstincto.
738 3203 877 3259 cadaver,
891 3210 991 3262 monus.
1035 3234 1038 3239 «

202 3289 366 3343 extremus,
380 3286 497 3333 ultimus.
737 3283 931 3342 nequiquam,
940 3282 1055 3345 fristra.

202 3371 337 3425 praesto:
352 3367 476 3428 praebeo,
491 3373 599 3417 osterzto.
737 3365 943 3427 redigasacie.
