2710 3750
141 171 183 235 18
460 169 619 235 cAEsAu’s
642 186 774 235 sumre
797 188 889 235 wne

299 388 377 463 Why
397 388 463 464 eloy
484 388 530 446 tte
546 406 626 463 poor
645 390 817 449 remeant?
856 391 913 449 Let
933 390 1011 449 them
1032 391 1098 450 lice.

233 515 291 582 28.
314 517 384 577 Hoc
399 516 519 595 proelio
533 517 617 576 fecto
631 524 664 578 et
677 536 774 596 prope
788 519 829 579 ad
843 517 1089 580 internecionem
1104 525 1196 598 gente

192 621 228 675 ic
252 614 378 674 nomine
402 613 593 674 Nerviorum
613 616 748 691 museto,
770 616 904 676 mitiores
926 622 1012 691 netu,
1035 626 1114 696 quos
1135 625 1197 679 dna

191 730 262 772 cum
274 711 378 788 pueris
389 710 635 788 mulieribusque
646 712 680 770 in
692 712 821 790 paludes
834 713 991 773 coniectos
1007 715 1195 790 dixerimus,

192 813 345 869 consensu
370 807 510 866 omnium
535 807 590 885 qui
615 814 800 886 supererant
826 809 946 887 legatos
969 811 1010 871 ad
1031 812 1197 872 Gaesarem

155 927 170 973 5
192 911 345 965 miserunt
360 910 455 981 seque
470 904 500 963 ei
515 904 710 965 dediderunt.
751 907 868 966 Postea
881 907 914 965 in
929 908 1197 968 commemoranda

192 1002 331 1063 civitatis
357 1001 546 1077 calamitate,
570 1021 610 1061 ex
635 1003 791 1063 sexcentis
815 1005 855 1065 ad
877 1009 942 1064 tres
965 1011 1134 1080 senetores
1157 1023 1197 1065 ex

192 1102 352 1161 hominum
376 1100 502 1160 milibus
524 1119 567 1160 ux
588 1099 642 1159 vix
664 1102 704 1162 ad
726 1107 912 1179 quingentos
934 1101 988 1179 qui
1007 1121 1095 1161 arma
1112 1102 1196 1163 ferre
1218 1168 1220 1173 ¹

192 1205 328 1278 possent,
345 1204 413 1258 sese
429 1199 570 1259 redtotos
586 1216 654 1258 esse
669 1199 824 1259 dixerunt.
869 1199 952 1269 Quos
975 1199 1088 1260 Caesar
1106 1205 1143 1259 ut
1162 1198 1197 1258 in

193 1295 323 1355 miseros
352 1302 387 1355 ric
411 1296 570 1374 supplices
596 1303 670 1355 usus
697 1295 911 1356 misericordia
935 1296 1103 1370 videretur,
1129 1295 1197 1355 dili·

143 1420 172 1453 10
193 1392 375 1468 gentissime
397 1393 596 1454 conservavit
618 1398 745 1470 suisque
764 1393 881 1452 finibus
899 1399 994 1470 atque
1009 1392 1134 1470 oppidis
1148 1392 1197 1452 uti

193 1489 285 1549 iussit
306 1495 338 1549 et
360 1490 509 1550 finitimis
518 1490 693 1568 ,imperavit
708 1497 745 1550 ut
759 1491 799 1550 ab
813 1489 928 1550 iniuria
945 1495 977 1549 et
995 1489 1149 1551 maleficio
1162 1508 1196 1550 se

192 1593 327 1665 sucisque
343 1587 552 1665 prohiberent.
1172 1622 1183 1649 ο

324 1733 425 1778 prope,
438 1733 531 1781 poene,
546 1718 584 1768 19.
777 1722 902 1779 conlcto,
916 1720 1024 1781 depono,
1036 1720 1076 1770 16.

323 1803 497 1859 internecio,
509 1803 641 1852 interitus.
778 1805 867 1860 d'edo,
879 1805 1011 1864 permitto,
1026 1802 1065 1850 15.

323 1886 437 1945 redigo,
451 1884 555 1934 reduco.
574 1938 576 1942 ,
777 1898 988 1943 commemoro,
1003 1885 1093 1934 ιιᾶννο.

323 1971 419 2027 pueri,
434 1967 520 2026 libert,
536 1965 575 2016 13.
777 1969 939 2027 finitimus,
953 1968 1065 2027 vicinus,
1078 1967 1103 2015 2.

245 2164 307 2221 The
320 2162 477 2222 Aduatuci
484 2181 617 2239 prepare
632 2171 661 2223 to
674 2164 763 2223 molto
778 2182 799 2223 u
812 2166 965 2239 desperate
980 2165 1147 2223 resistente.

235 2292 292 2358 29.
314 2292 483 2368 Aduatuci,
499 2293 555 2371 qui
574 2312 645 2354 cnm
661 2294 806 2354 omnibus
821 2292 920 2371 copiis
934 2292 1052 2353 auxilio
1066 2293 1195 2354 Nerviis

192 2391 369 2465 veniebant,
384 2391 443 2451 hec
458 2398 562 2469 pugna
575 2392 723 2451 nuntiate
736 2410 776 2451 ex
789 2391 903 2451 itinere
918 2391 1046 2450 domum
1063 2395 1196 2449 reverte

193 2494 283 2563 runt3
305 2473 427 2547 cunctis
447 2487 572 2565 oppidis
591 2488 791 2565 castellisque
806 2488 939 2549 desertis
961 2505 1018 2547 sua
1038 2486 1143 2547 omnia
1161 2486 1195 2546 in

193 2593 289 2644 unum
320 2584 471 2662 oppidum
503 2585 626 2662 egregie
658 2592 771 2645 ustura
799 2590 954 2644 munitum
983 2583 1192 2643 contuleruut.

158 2701 172 2746 5
194 2683 282 2752 Quod
303 2701 343 2741 ex
366 2682 509 2742 omnibus
532 2682 567 2740 in
589 2682 723 2741 circuitu
747 2682 890 2759 partibus
911 2679 1082 2740 altissimas
1102 2687 1195 2758 rupes

194 2781 420 2858 despectusque
441 2780 585 2855 habebat,
601 2780 656 2839 sed
677 2788 739 2839 dna
759 2799 798 2839 ex
820 2784 909 2856 parte
932 2778 1046 2837 leniter
1063 2776 1194 2837 adclivis

193 2878 297 2937 aditus
308 2877 557 2955 relinquebet11r3
581 2897 674 2955 quem
689 2876 790 2936 locum
807 2875 926 2953 duplici
941 2874 1096 2934 altissimo
1107 2881 1194 2933 muro

193 2974 384 3051 munierant3
402 2980 471 3034 tum
483 2974 588 3051 magni
599 2973 746 3052 ponderis
761 2992 837 3033 saxa
851 2979 883 3032 et
897 2977 1078 3050 praeacutas
1090 2971 1194 3030 trabes

194 3072 227 3130 in
242 3079 328 3131 muro
342 3071 555 3132 conlocabant.
588 3071 657 3148 Ipsi
671 3076 760 3130 erant
775 3089 815 3129 ex
830 3069 964 3131 Cimbris
982 3071 1194 3144 Teutonisque

145 3196 173 3229 ιο
194 3169 348 3246 prognati,
374 3169 438 3246 qui,
463 3188 534 3228 cum
562 3167 623 3227 iter
650 3168 684 3226 in
711 3167 905 3245 provinciam
932 3173 1072 3226 nostram
1100 3170 1195 3241 atque

194 3255 322 3324 ltaliam
341 3265 492 3341 facerent,
514 3265 688 3326 custodiam
714 3284 753 3324 ex
778 3264 843 3323 suis
869 3272 905 3325 tc
925 3262 1118 3342 praesidium
1139 3280 1195 3320 sex

194 3361 282 3421 milia
313 3360 476 3421 hominum
503 3362 705 3439 reliquerunt.
761 3360 808 3420 Hi
837 3368 911 3439 post
939 3369 1045 3422 eorum
1073 3356 1194 3419 obitum
