2710 3750
494 182 525 229 0.
548 181 627 230 IULI
649 180 828 231 CAESARIS

184 347 278 422 bant3
300 347 401 407 nostri
420 353 534 425 autem,
549 349 578 409 si
594 350 634 410 ab
653 349 719 411 illis
739 350 866 411 initium
885 348 1071 413 transeundi
1090 350 1188 428 fieret,

184 451 220 505 ut
239 443 408 522 impeditos
427 445 680 523 adgrederentur,
696 448 799 526 parati
814 447 957 508 inarmis
972 454 1071 509 erant.
1107 450 1191 511 Inte

184 541 244 600 rim
258 541 377 619 proelio
392 543 531 620 equestri
546 544 630 603 inter
644 546 721 604 duas
736 545 818 605 acies
833 547 1090 609 contendebatur.
1123 551 1190 611 Ubi

184 639 290 698 neutri
313 640 500 699 transeundi
524 640 653 700 initium
677 642 808 718 iaciunt,
837 643 1021 703 secundiore
1045 648 1190 725 equitum

147 762 159 812 5
184 736 304 814 proelio
325 737 441 797 nostris
467 737 580 799 Caesar
602 757 674 798 suos
700 739 732 797 in
756 746 861 799 castra
885 742 1019 803 reduxit.
1070 746 1189 808 Hostes

184 833 328 912 protinus
353 852 392 893 ex
416 852 453 894 eo
477 834 545 894 loco
570 836 610 895 ad
634 835 752 895 fiumen
776 837 920 898 Axonam
950 844 1187 920 contenderunt,

184 931 268 1010 quod
296 948 364 990 esse
391 937 463 1008 post
491 938 600 992 nostra
625 940 728 993 castra
756 935 1004 998 demonstratum
1032 946 1088 1000 est.
1138 942 1189 1002 Ibi

184 1027 274 1087 vadis
289 1028 421 1105 repertis
436 1033 558 1106 partem
576 1047 704 1090 suarum
724 1033 883 1110 copiarum
903 1036 1065 1098 traducere
1085 1032 1189 1099 conati

156 1138 159 1142 ’
184 1130 259 1184 sunt
280 1143 316 1184 eo
340 1125 549 1202 consiliant,
575 1128 602 1186 si
626 1137 763 1207 possent,
787 1133 951 1192 castelium
974 1134 1024 1194 cui
1046 1143 1188 1214 praeerat

136 1249 163 1282 ιο
185 1222 219 1292 Q.
235 1222 376 1282 Titurius
396 1222 519 1300 legatus
539 1236 756 1311 expugnarent
777 1235 966 1308 pontemque
987 1231 1189 1294 interscinde·

185 1324 273 1395 rent,
296 1319 442 1380 siminus
458 1322 645 1401 potuissent,
662 1345 754 1404 agros
769 1327 939 1387 Remorum
953 1329 1187 1407 popularentur,

185 1416 239 1494 qui
254 1435 367 1493 magno
381 1418 471 1499 nobis
485 1420 558 1479 usui
573 1422 613 1481 ad
629 1423 747 1483 bellum
762 1425 932 1502 gerendum
946 1431 1044 1503 erant,
1060 1446 1189 1489 comme

185 1520 302 1599 atuque
316 1521 440 1575 nostros
457 1517 668 1593 prohiberent.

226 1613 279 1679 lb.
305 1615 420 1676 Caesar
433 1617 548 1677 certior
562 1619 666 1678 factus
681 1619 720 1678 ab
735 1619 859 1679 Titurio
873 1638 997 1680 omnem
1012 1622 1189 1699 equitatum

136 1717 217 1787 15et
244 1711 324 1771 levis
353 1717 529 1774 armaturae
554 1715 719 1791 Numidas,
745 1716 921 1776 funditores
946 1718 1188 1798 sagittariosque

184 1814 313 1889 pontem
333 1810 471 1870 traducit
493 1816 588 1888 atque
609 1813 649 1872 ad
670 1831 722 1872 eos
743 1813 917 1874 contendit.
955 1815 1080 1875 Acriter
1098 1816 1133 1875 in
1152 1836 1188 1878 eo

184 1913 252 1972 loco
279 1917 453 1991 pugnatum
483 1917 540 1971 est.
594 1912 712 1970 Hostes
741 1910 908 1988 impeditos
940 1912 1041 1972 nostri
1072 1913 1105 1972 in
1133 1913 1189 1973 flu·

184 2009 268 2069 mine
285 2010 425 2088 adgressi
443 2028 591 2085 magnum
609 2027 716 2067 eorum
733 2026 897 2068 numerum
915 2009 1109 2070 occiderunt:
1131 2030 1187 2090 per

184 2130 291 2171 eorum
318 2130 447 2189 corpora
475 2107 613 2184 reliquos
641 2105 847 2165 audacissime
875 2106 1009 2167 transire
1039 2114 1187 2169 conantes

134 2239 163 2271 ιο
185 2211 388 2271 multitudine
404 2209 539 2269 telorum
555 2202 776 2282 reppulerunt3
795 2201 914 2280 primos
929 2204 984 2281 qui
998 2205 1187 2266 transierant

184 2308 329 2385 equitatu
348 2308 578 2368 circumventos
601 2299 836 2360 interfecerunt.
880 2301 1007 2375 Hostes,
1026 2302 1080 2361 ubi
1097 2309 1130 2363 et
1148 2304 1186 2363 dc

184 2407 391 2483 expugnando
416 2404 531 2483 oppido
558 2405 590 2460 et
614 2399 653 2458 de
678 2396 808 2456 flumine
832 2399 1022 2458 transeundo
1044 2417 1132 2477 spem
1154 2419 1187 2459 so

184 2503 340 2563 fefellisse
364 2503 590 2562 intellexerunt
615 2515 716 2575 neque
742 2500 865 2554 nostros
890 2496 924 2554 in
948 2494 1049 2556 locum
1074 2496 1188 2574 iniqui·

184 2594 269 2663 orem¹
289 2604 434 2682 progredi
453 2602 614 2681 pugnandi
635 2617 730 2661 causa
746 2595 902 2668 viderunt,
920 2598 1015 2670 atque
1033 2592 1118 2670 ipsos
1138 2613 1186 2653 res

134 2728 160 2776 25
184 2701 392 2766 frumentaria
410 2700 541 2760 deficere
561 2699 673 2777 eoepit,
691 2694 824 2757 concilio
839 2695 1006 2751 convocato
1020 2690 1188 2751 constitue·

184 2804 259 2858 runt
283 2798 437 2876 optimum
462 2816 529 2857 esse
555 2797 681 2856 domum
707 2813 795 2854 suam
818 2807 973 2869 quemque
997 2788 1122 2863 reverti,
1145 2792 1186 2864 et,

185 2914 317 2973 quorum
338 2896 372 2954 in
391 2895 469 2955 fines
491 2893 626 2972 primum
648 2890 784 2952 Romani
805 2887 977 2950 exercitum
999 2884 1188 2945 introduxis-

185 2997 265 3066 sent,
280 2993 320 3052 ad
334 3011 386 3052 eos
406 2990 618 3051 defendendos
638 2989 778 3067 undique
798 2987 1011 3061 convenirent,
1026 2988 1062 3043 ut
1081 2983 1187 3062 potius

184 3089 219 3149 in
234 3089 299 3149 suis
315 3108 408 3166 quam
425 3088 458 3147 in
473 3086 584 3148 alienis
602 3085 718 3146 finibus
739 3085 935 3145 decertarent
955 3088 988 3142 et
1007 3079 1187 3140 domesticis

135 3215 163 3261 30
185 3187 284 3265 copiis
306 3186 352 3245 rei
372 3184 597 3245 frumentariae
617 3188 790 3243 uterentur.
834 3181 887 3241 Ad
907 3199 975 3240 eam
998 3177 1187 3239 sententiam

185 3302 256 3344 cum
270 3283 400 3362 reliquis
420 3281 522 3343 causis
540 3280 617 3341 haec
634 3298 757 3357 quoque
776 3278 857 3338 ratio
877 3296 929 3338 eos
949 3277 1088 3354 deduxit,
1104 3277 1188 3354 quod

185 3380 379 3442 Divitiacum
403 3385 498 3457 atque
520 3377 646 3438 Aeduos
671 3376 787 3436 finibus
814 3373 1053 3436 Bellovacorum
1080 3374 1188 3452 adpro
