2710 3750
588 146 698 192 arnna
720 143 760 192 11.
1164 129 1206 194 39

154 315 264 395 procul
275 314 427 377 constitui
437 314 595 388 viderunt,
606 312 742 390 primum
757 312 894 373 inridere
909 331 949 372 ex
962 332 1051 373 muro
1061 319 1155 391 atque

67 405 69 408 ⁴
153 413 341 491 increpitare
352 412 490 486 vocibus,
502 410 586 488 quod
596 415 686 469 tanta
697 408 888 469 machinatio
900 410 939 469 ab
949 416 1039 470 tanto
1053 410 1156 487 spatio

154 509 382 569 instrueretur:
415 507 603 586 quibusnam
633 506 777 565 manibus
808 512 864 566 aut
894 506 1007 583 quibus
1034 506 1155 565 viribus

154 606 340 685 praesertim
360 605 502 665 homines
524 604 666 663 tantulae
686 608 955 667 staturae-nam
972 603 1156 681 plerumque

154 703 333 762 hominibus
360 700 462 763 Gallis
490 720 565 779 prae
593 699 809 776 magnitudine
837 718 1001 777 corporum
1029 718 1156 759 suorum
1179 723 1191 772 ς

155 800 293 859 brevitas
314 805 424 859 nostra
443 797 639 874 contemptui
658 796 848 857 est-tanti
866 797 970 856 oneris
989 795 1102 856 turrim
1122 796 1158 855 in

155 915 244 956 muro
259 915 328 956 sese
342 895 502 956 conlocare
517 894 736 954 confiderent?

197 992 251 1059 31.
280 993 347 1052 Ubi
361 1012 435 1052 vero
450 991 569 1051 moveri
583 996 615 1050 et
630 991 879 1069 adpropinquare
896 990 1058 1051 moenibus
1072 991 1158 1051 vide-

156 1095 240 1165 runt,
264 1108 347 1148 nova
374 1094 468 1167 atque
495 1087 649 1147 inusitata
673 1088 776 1165 specie
800 1087 949 1147 commoti
971 1088 1092 1165 legatos
1116 1089 1157 1148 ad

157 1188 321 1248 Caesarem
342 1186 380 1245 de
401 1204 477 1263 pace
497 1185 660 1258 miserunt,
677 1183 734 1261 qui
747 1185 787 1244 ad
800 1184 884 1245 hunc
898 1185 1025 1244 modum
1038 1185 1155 1246 locuti:
1180 1207 1207 1238 ιο

159 1285 248 1343 ‘Non
261 1283 441 1343 existimare
456 1283 614 1341 Romanos
629 1282 697 1340 sine
712 1301 770 1358 ope
785 1281 893 1340 divina
906 1281 1024 1341 bellum
1039 1301 1155 1359 gerere,

156 1381 212 1459 qui
227 1386 335 1440 tantae
350 1379 529 1439 altitudinis
545 1378 792 1438 machinationes
806 1384 897 1438 tanta
911 1378 1072 1438 eeleritate
1090 1398 1158 1457 pro-

156 1497 280 1537 movere
301 1482 447 1555 possent3
478 1495 511 1536 se
534 1495 651 1554 suaque
672 1477 777 1535 omnia
790 1495 896 1536 eorum
919 1476 1071 1554 potestati
1091 1495 1158 1554 per-

156 1575 298 1635 mittere'
314 1575 471 1634 dixerunt.
516 1574 640 1634 ‘Unum
656 1580 762 1651 petere
775 1592 811 1633 ac
825 1574 1003 1652 deprecari:
1026 1574 1055 1634 si
1072 1574 1156 1634 forte

156 1692 213 1751 pro
235 1691 292 1733 sua
312 1672 479 1732 clementia
499 1690 534 1731 ac
558 1671 806 1747 mansuetudine,
827 1690 922 1749 quam
942 1671 1004 1749 ipsi
1025 1673 1064 1732 ab
1084 1672 1156 1732 aliis
1180 1695 1205 1743 ις

156 1770 310 1846 audirent,
329 1770 494 1830 statuisset
513 1769 694 1829 Aduatucos
716 1788 784 1828 esse
806 1769 1044 1843 conservandos,
1062 1787 1102 1828 ne
1123 1787 1156 1829 se

156 1867 250 1928 armis
279 1856 479 1946 despoliaret:
526 1867 593 1926 Sibi
621 1884 728 1926 omnes
753 1866 820 1925 fere
845 1866 995 1926 finitimos
1020 1885 1088 1925 esse
1111 1865 1157 1925 in-

156 1965 265 2026 imicos
287 1984 323 2025 ac
344 1984 418 2025 suae
439 1965 553 2024 virtuti
574 1964 734 2039 invidere3
760 1983 780 2023 a
798 1963 911 2041 quibus
933 1982 967 2023 se
988 1963 1156 2023 defendere

150 2063 283 2122 vtraditis
307 2063 403 2122 armis
428 2081 491 2120 non
516 2067 653 2139 possent.
697 2061 764 2120 Sibi
787 2066 955 2137 praestare,
979 2060 1006 2120 si
1029 2060 1063 2118 in
1084 2080 1157 2120 eum

157 2179 263 2219 casum
274 2160 510 2234 deducerentur,
523 2160 665 2237 quamvis
677 2159 838 2218 fortunam
852 2177 871 2218 a
884 2157 1000 2236 populo
1013 2158 1156 2217 Romano
1178 2185 1207 2218 20

157 2257 233 2334 pati,
263 2275 357 2334 quam
373 2257 424 2324 ¹ab
448 2256 498 2314 his
523 2276 579 2332 per
603 2256 776 2315 cruciatum
800 2254 945 2330 interfici,
970 2254 1054 2314 inter
1077 2273 1156 2333 quos

157 2353 312 2412 dominari
336 2353 558 2412 consuessent!
959 2334 964 2341 K

198 2448 256 2515 32.
285 2450 337 2507 Ad
357 2448 434 2508 haec
455 2449 568 2510 Caesar
589 2449 767 2526 respondit:
797 2448 855 2508 ‘Se
875 2449 974 2526 magis
996 2454 1158 2509 consuetu·

157 2545 230 2606 dine
245 2564 302 2605 sua
316 2564 409 2624 quam
423 2545 535 2605 merito
550 2564 657 2604 eorum
671 2545 834 2605 civitatem
847 2551 1113 2619 conservaturum,
1129 2546 1157 2604 si

157 2643 245 2721 prius
266 2662 361 2721 quam
381 2662 505 2701 murum
526 2642 606 2702 aries
627 2642 786 2718 attigisset
807 2660 841 2701 se
862 2642 1073 2718 dedidissent;
1101 2642 1156 2701 sed
1178 2665 1205 2714 25

157 2740 326 2800 deditionis
347 2740 467 2799 nullam
493 2758 560 2799 esse
585 2739 799 2800 condicionem
820 2739 881 2798 nisi
902 2740 997 2798 armis
1019 2739 1154 2799 traditis

158 2838 197 2898 Se
225 2837 258 2897 id
286 2838 370 2915 quod
397 2836 429 2896 in
457 2837 585 2896 Nerviis
616 2837 743 2896 fecisset
767 2836 924 2897 facturum
948 2835 1156 2914 finitimisque

156 2935 391 3013 imperaturum,
404 2953 444 2993 ne
456 2954 549 3011 quam
561 2933 720 2993 dediticiis
735 2933 844 3011 populi
859 2933 994 2992 Romani
1008 2933 1155 2994 iniuriam

157 3031 330 3091 inferrent!
386 3032 433 3090 Re
461 3032 608 3089 nuntiata
637 3031 677 3089 ed
708 3049 789 3104 suos,
818 3049 899 3108 quae
927 3030 1156 3111 imperarentur

156 3127 259 3188 facere
274 3128 430 3188 dixerunt.
472 3128 640 3186 Armorum
654 3146 767 3203 magna
782 3127 985 3187 multitudine
1006 3129 1046 3188 de
1066 3147 1155 3187 muro
1177 3151 1206 3198 30

156 3225 190 3283 in
214 3225 333 3285 fossam
356 3244 436 3303 quae
461 3230 528 3285 erat
552 3231 625 3284 ante
650 3225 801 3302 oppidum
825 3224 907 3285 iacta
930 3224 976 3284 sic
998 3229 1036 3285 ut
1057 3244 1155 3304 prope

157 3341 310 3382 summam
331 3323 413 3383 muri
436 3322 620 3400 aggerisque
645 3321 847 3382 altitudinem
871 3321 975 3382 acervi
998 3340 1155 3381 armorum
