2710 3750
151 110 171 173 8
469 104 628 170 omsnn’s
651 121 785 170 omnmo
808 122 897 169 wau

200 289 369 367 praemisit.
412 290 447 349 Τ.
466 288 639 349 Labienum
656 289 796 366 logotum
814 307 886 349 oum
902 289 1079 367 legionibus
1099 290 1200 353 tribus

199 385 348 463 subsequi
375 385 476 445 iossit.
522 385 569 443 Hi
593 384 782 444 novissimos
806 385 908 445 adorti
933 391 965 445 et
990 387 1091 446 multa
1114 387 1202 446 milia

198 501 348 561 passuum
367 482 524 560 prosecuti
544 489 689 559 mignam
706 482 941 542 multitudinem
957 490 1066 543 eorum
1081 483 1201 560 fugien-

150 607 178 640 10
198 580 280 639 tium
294 581 502 640 conciderunt.
545 579 576 639 Ii
593 580 633 639 ad
654 597 731 656 quos
750 585 879 639 ventum
899 584 967 639 erat
987 579 1201 640 oonsistobant

198 675 387 754 fortiterque
405 676 557 755 impeturn
570 683 751 736 nostrorum
765 676 979 751 sustinebant3
1001 676 1057 736 sed
1071 677 1199 754 priores,

198 774 282 852 quod
299 774 406 834 abesse
423 793 443 834 a
459 773 596 851 periculo
610 773 806 848 videbantur,
821 774 967 834 exaudito
984 774 1120 835 olimore
1134 793 1202 853 por-

197 871 333 930 turbr'rtis
354 870 516 931 ordinibus
535 889 643 930 omnes
662 871 697 930 in
719 871 795 948 fuga
813 870 875 931 sibi
895 871 1086 950 praesidium
1109 877 1202 950 pono·

197 971 282 1030 bant.
311 970 364 1030 Ita
376 970 444 1030 sine
459 970 524 1030 tillo
538 970 674 1048 periculo
689 977 834 1048 morguam
845 978 952 1030 eorum
964 968 1201 1030 multitudinem

148 1088 175 1134 Ι5
198 1068 298 1129 nostri
307 1068 533 1129 interfecerunt
541 1069 599 1128 sub
607 1075 813 1145 ooeosurnque
822 1069 897 1128 solis
907 1068 1095 1128 destiterunt
1105 1073 1199 1146 seque

197 1167 230 1226 in
244 1173 356 1242 eastra,
371 1172 408 1227 ut
422 1171 489 1226 erat
503 1164 701 1243 impertitum,
716 1170 908 1242 receperunt.

245 1285 408 1343 oonstltuo,
420 1287 517 1341 maluo,
532 1279 570 1328 10.
715 1281 894 1338 subsequor:
903 1279 1059 1341 prosequor,
1065 1280 1200 1342 insequor.

245 1368 405 1425 strepitus:
423 1365 531 1422 olomeo
537 1363 672 1425 fremitus.
713 1363 844 1420 adorior,
858 1361 1007 1423 adpredloa
1022 1360 1061 1411 10.

244 1450 418 1508 consimilia
427 1448 581 1511 persimilis.
713 1447 849 1504 dononio,
863 1445 961 1506 ooeido,
976 1444 1015 1494 10.
1034 1479 1037 1485 .

244 1546 358 1590 vereor,
370 1533 458 1592 timeo,
473 1531 495 1579 1.
711 1530 853 1587 consisto.
865 1534 915 1589 sto,
928 1527 953 1579 6.

244 1629 356 1675 moror,
367 1621 484 1675 candor,
498 1613 521 1665 7.
712 1613 854 1672 sustineo,
867 1617 993 1671 sustento,
1004 1610 1030 1661 6.

195 1779 228 1841 A
241 1782 349 1858 forced
369 1781 473 1841 moreh
496 1783 560 1840 aad
581 1780 681 1841 uttoolc
701 1800 741 1841 oa
762 1782 987 1843 Noviodunum.
1035 1783 1096 1843 Tite
1120 1789 1197 1842 town

603 1882 788 1939 surrenders.

236 1989 290 2056 12.
319 1991 476 2053 Postridie
500 1991 567 2053 eius
595 1991 657 2052 diei
683 1993 798 2054 Caesar
821 1991 857 2051 in
883 1992 965 2055 fines
993 1991 1197 2054 Suessionum

194 2088 367 2148 exereitum
387 2089 477 2149 duxit
498 2095 531 2148 et
552 2095 664 2166 mogno
685 2088 799 2148 itinere
820 2089 964 2150 confecto
984 2089 1025 2149 ad
1045 2090 1197 2171 oppidum
1290 2128 1292 2131 ψ

194 2184 416 2245 Noviodunum
428 2186 599 2247 contendit.
640 2186 679 2245 Id
689 2205 729 2245 ex
740 2185 852 2245 itinere
863 2192 1042 2263 oppignore
1054 2193 1194 2262 conotus,

195 2281 278 2358 quod
299 2301 431 2342 vaounm
452 2284 492 2343 ab
513 2282 729 2344 defensoribus
754 2300 823 2343 esse
835 2276 999 2359 audiebat,
1019 2290 1197 2362 expugnore

158 2395 172 2442 5
194 2384 259 2437 non
279 2379 391 2457 potuit.
435 2379 567 2440 Interim
588 2379 690 2439 omnis
711 2398 750 2439 ex
771 2379 848 2458 iuga
868 2379 1071 2441 Suessionum
1092 2381 1198 2441 multi-

193 2476 270 2535 tudo
280 2476 314 2534 in
325 2476 474 2554 oppidum
487 2477 630 2554 proxima
643 2483 733 2537 noete
744 2477 900 2538 convenit.
934 2478 1086 2539 Celeriter
1096 2477 1197 2538 vineis

194 2572 235 2632 ad
255 2572 405 2650 oppidum
427 2574 515 2647 iotis,
537 2593 649 2651 aggere
671 2574 753 2634 iaoto
775 2574 977 2651 turribusque
1002 2574 1194 2646 constitutis,

194 2670 409 2747 mognitr'rdine
431 2689 560 2749 operum
582 2676 615 2730 et
637 2670 798 2730 eeleritote
824 2672 1038 2731 Romouorum
1062 2667 1198 2746 permoti
1266 2662 1271 2675 ¹

194 2773 269 2827 snut
292 2758 483 2829 Suessiones.
526 2767 639 2845 Itaque
663 2766 785 2843 legotos
805 2767 846 2827 ad
866 2767 1031 2827 Caesarem
1054 2766 1093 2825 de
1115 2764 1198 2825 dodi·
1246 2842 1251 2853 Ι

145 2886 172 2918 10
193 2863 279 2924 tione
296 2863 430 2924 mittunt
446 2870 479 2924 et
497 2864 676 2942 petentibus
695 2863 804 2925 Remis
818 2869 855 2923 ut
869 2867 1130 2924 conservorentur
1142 2861 1197 2921 im-
1232 2856 1250 2995 l

193 2967 329 3039 petrant.

242 3071 378 3124 conficio.
389 3069 506 3132 perficio.
762 3083 836 3132 ago:
850 3070 932 3133 pello,
947 3069 1022 3129 doto,
1036 3069 1123 3122 traho.

242 3156 401 3212 contendo,
413 3166 534 3215 propero.
762 3166 932 3212 permoveo,
945 3165 1101 3205 commoveo.

241 3249 370 3284 vacuus:
389 3248 491 3296 coreas,
506 3234 600 3286 arodus.
759 3237 885 3297 dodino,
899 3236 1015 3286 troditio.

241 3319 373 3378 interim,
387 3318 497 3369 intereo.¹
759 3319 899 3378 impetro,
912 3318 1065 3381 consequor.
