2710 3750
129 106 173 170 40
497 121 527 171 c.
550 122 631 170 rum
653 120 831 170 cursurus

178 289 399 366 adaequarent,
425 293 458 349 et
482 293 589 349 tamen
611 288 738 349 circiter
761 293 852 367 parte
879 287 983 364 tertia,
1008 292 1046 349 ut
1072 293 1184 368 postea

178 391 378 465 perspectum
403 391 460 461 est,
482 385 585 446 celata
607 391 703 464 atque
727 385 762 445 in
785 385 902 464 oppido
927 390 1058 463 retenta,
1080 385 1182 465 portis

179 483 347 561 patefactis
362 501 399 542 eo
413 483 464 543 die
479 501 556 560 pace
570 489 646 543 sunt
659 482 718 543 usi.

220 577 279 644 33.
309 578 375 639 Sub
389 598 554 658 vesperum
568 579 682 640 Caesar
696 584 803 659 portas
823 579 929 641 claudi
946 579 1128 658 militesque
1142 599 1183 640 ex

144 700 156 749 5
179 675 395 754 oppidoexire
409 676 511 750 iussit,
527 694 566 735 ne
581 695 675 754 quam
688 682 785 737 noctu
799 677 949 755 oppidani
968 678 1007 737 ab
1026 677 1180 738 militibus

179 772 328 832 iniuriam
349 772 534 851 acciperent.
578 767 634 832 Illi
655 778 728 833 ante
749 773 838 849 init0,
853 781 890 834 ut
911 773 1109 834 intellectum
1122 782 1180 850 est,

180 869 319 945 consilio,
345 870 430 947 quod
453 869 612 930 deditione
634 869 721 931 facta
744 876 869 930 nostros
892 870 1050 949 praesidia
1071 871 1183 932 deduc·

179 971 267 1026 turos
282 972 337 1026 aut
352 967 487 1044 denique
502 965 721 1043 indiligentius
736 972 915 1027 servaturos
935 967 1182 1028 crediderant-

179 1063 294 1141 partim
320 1082 391 1122 cum
416 1063 455 1123 iis
480 1081 559 1141 quae
587 1063 783 1127 retinuerant
809 1069 842 1123 et
869 1064 1047 1125 celaverant
1076 1064 1181 1141 muris,

132 1181 159 1213 ιο
180 1160 296 1237 partim
317 1160 416 1220 scutis
441 1180 482 1220 ex
504 1160 620 1221 cortice
645 1161 739 1220 factis
764 1166 819 1221 aut
844 1160 1014 1221 viminibus
1038 1160 1180 1237 intextis,

180 1275 260 1335 quae
274 1257 387 1331 subit0,
400 1262 436 1316 ut
449 1259 601 1336 temporis
616 1258 771 1335 exiguitas
787 1257 975 1336 postulabat,
987 1257 1123 1336 pellibus
1137 1259 1183 1318 in·

180 1355 491 1415 duxerant-tertia
503 1355 622 1432 vigilia,
639 1374 702 1433 qua
717 1356 847 1416 minime
860 1356 976 1415 arduus
997 1356 1039 1415 ad
1058 1361 1182 1416 nostras

181 1452 371 1513 munitiones
386 1471 533 1513 ascensus
547 1452 723 1528 videbatur,
738 1453 883 1512 omnibus
900 1452 1000 1531 copiis
1017 1453 1181 1531 repentino

181 1569 221 1610 ex
240 1549 357 1628 oppido
377 1550 574 1628 eruptionem
595 1550 747 1610 fecerunt.
790 1549 952 1626 Celeriter,
967 1555 1004 1611 ut
1023 1556 1095 1610 ante
1110 1551 1183 1612 an-

132 1672 157 1720 ¹5
181 1666 232 1708 sar
252 1647 430 1726 imperarat,
453 1647 578 1725 ignibus
603 1646 832 1724 significatione
856 1646 943 1708 facta
967 1666 1007 1707 ex
1030 1647 1181 1725 proximis

180 1744 321 1805 castellis
342 1764 379 1804 eo
399 1763 585 1805 concursum
601 1749 658 1820 est,
674 1749 910 1821 pugnatumque
925 1745 965 1804 ab
978 1744 1122 1805 hostibus
1135 1745 1183 1805 ita

181 1842 296 1902 acriter
319 1849 369 1901 est
395 1848 433 1902 ut
460 1861 479 1902 a
502 1841 581 1901 viris
605 1840 742 1900 fortibus
767 1839 801 1898 in
825 1847 967 1901 extrema
991 1842 1045 1920 spe
1070 1841 1182 1901 salutis

181 1939 290 2016 iniquo
304 1939 372 1999 loco
386 1944 497 1999 contra
510 1956 562 1998 eos
577 1938 632 2015 qui
653 1956 693 1997 ex
714 1936 798 1997 vallo
812 1938 1015 2017 turribusque
1029 1938 1094 1998 tela
1107 1938 1184 1999 iace

181 2042 253 2095 rent
279 2035 412 2114 pugnari
440 2036 557 2111 debuit,
583 2054 654 2095 cum
681 2035 716 2094 in
742 2053 806 2094 una
832 2035 953 2095 virtute
980 2035 1081 2096 omnis
1110 2053 1182 2113 spes

131 2162 160 2194 ιο
181 2131 293 2192 salutis
315 2132 508 2193 consisteret.
551 2131 670 2192 Occisis
695 2132 736 2192 ad
759 2131 922 2192 hominum
943 2133 1071 2193 milibus
1096 2138 1184 2211 quat-

182 2235 254 2288 tuor
267 2228 381 2306 reliqui
396 2230 430 2287 in
444 2229 595 2306 oppidum
608 2229 717 2289 reiecti
732 2235 815 2290 sunt.
857 2229 1016 2289 Postridie
1037 2230 1104 2289 eius
1119 2230 1183 2290 diei

181 2326 327 2386 refractis
348 2325 456 2403 portis,
472 2345 542 2385 cum
564 2326 626 2386 iam
647 2327 830 2387 defenderet
852 2346 951 2402 nemo,
973 2331 1068 2404 atque
1089 2326 1185 2386 intro·

181 2421 286 2482 missis
302 2422 457 2482 militibus
472 2424 590 2483 nostris
605 2423 775 2484 sectionem
792 2424 860 2484 eius
880 2422 989 2501 oppidi
1003 2423 1183 2482 universam

181 2520 296 2581 Caesar
310 2520 461 2578 vendidit.
504 2521 555 2580 Ab
577 2520 616 2580 iis
638 2521 693 2598 qui
714 2525 855 2580 emerant
876 2519 1016 2596 capitum
1034 2535 1182 2575 numerus

130 2641 157 2689 25
181 2617 221 2675 ad
235 2635 306 2675 eum
320 2616 437 2675 relatus
453 2621 501 2676 cst
517 2617 638 2675 milium
654 2616 882 2694 quinquaginta
896 2614 1001 2675 trium.

223 2712 280 2779 34.
309 2713 427 2772 Eodem
449 2719 590 2790 ternpore
614 2733 633 2773 a
653 2713 688 2772 P.
711 2713 831 2786 Crasso,
854 2730 947 2788 quem
968 2729 1039 2770 cum
1059 2707 1183 2785 legione

181 2830 245 2870 una
264 2810 393 2869 miserat
414 2810 454 2869 ad
475 2811 622 2884 Venetos,
643 2808 785 2883 Unellos,
801 2808 949 2882 OsismoS,
966 2805 1181 2883 Ouriosolitas,

181 2906 325 2981 Esurios,
347 2907 508 2981 Aulercos,
531 2907 686 2981 Redones,
708 2923 788 2984 quae
813 2904 1088 2965 suntmaritimae
1110 2903 1185 2963 civi-

181 3012 264 3067 tates
290 3006 508 3083 Oceanumque
533 3003 706 3080 attingunt,
732 3002 846 3063 certior
871 3003 974 3062 factus
999 3007 1048 3062 est
1076 3020 1182 3062 omnes

114 3112 160 3175 '30
181 3123 234 3164 eas
255 3103 401 3164 civitates
423 3102 456 3161 in
477 3101 633 3161 dicionem
654 3105 908 3180 potestatemque
924 3099 1034 3179 populi
1048 3098 1184 3159 Romani

181 3219 249 3261 esse
264 3201 415 3260 redactas.
