2710 3750
142 130 184 194 30
505 144 837 192 o.1omcnnsnn1s
925 154 931 167 i

192 312 313 374 Castris
334 312 467 371 munitis
484 311 595 371 vineas
616 329 707 389 agere
729 331 871 391 quaeque
892 315 932 373 ad
953 318 1196 393 oppugnandum

191 409 263 470 usui
288 415 378 469 erant
402 427 581 486 comparare
606 409 718 486 coepit.
774 410 904 469 [nterim
929 412 1030 472 omnis
1055 432 1094 472 ex
1119 414 1197 491 fuga

193 506 397 568 Suessionum
422 504 593 565 multitudo
618 506 651 564 in
672 507 821 585 oppidum
844 508 987 585 proxima
1008 516 1099 570 nocte
1124 530 1196 571 con·

192 605 292 664 venit.
337 604 491 666 Celeriter
504 600 611 663 uineis
635 605 675 664 ad
697 605 847 683 oppidum
869 606 958 682 actis,
980 626 1092 684 aggere
1114 607 1196 668 iacto

156 731 168 779 5
192 702 394 786 turribusque
409 701 601 774 constitutis,
616 702 833 778 magnitudine
847 722 985 780 operum,
1001 723 1080 782 quae
1095 725 1196 783 neque

192 799 337 859 videraut
351 805 425 859 anto
444 798 528 861 Galli
545 818 647 876 neque
665 799 838 875 audierant,
854 808 887 859 et
906 801 1066 861 celeritate
1085 803 1197 862 Roma

192 915 303 956 norum
318 897 460 974 permoti,
472 896 592 973 legatos
607 898 646 956 ad
658 898 820 959 Caesarem
836 899 875 957 de
889 898 1048 959 deditione
1062 900 1196 961 mittunt

192 1000 225 1054 et
239 995 420 1071 petentibus
434 994 543 1053 Remis
558 1000 595 1052 ut
609 1001 869 1054 conservarentur
883 995 1065 1073 impetrant.

233 1090 288 1157 13.
317 1093 432 1152 Caesar
452 1091 614 1151 obsidibus
639 1093 776 1169 acceptis
801 1093 911 1171 primis
936 1094 1076 1154 civitatis
1101 1101 1196 1173 atque

144 1218 172 1249 10
192 1188 294 1267 ipsius
320 1189 438 1250 Galbae
459 1189 542 1265 regis
563 1191 684 1250 duobus
705 1191 790 1264 filiis,
810 1191 968 1270 armisque
989 1194 1133 1253 omnibus
1158 1212 1197 1252 ex

193 1287 307 1366 oppido
323 1286 460 1360 traditis,
475 1287 510 1345 in
526 1288 718 1347 deditionem
740 1288 920 1348 Suessiones
939 1292 1061 1368 accepit
1080 1291 1197 1351 exerci-

192 1389 324 1462 tumque
342 1384 376 1443 in
392 1384 575 1444 Bellovacos
593 1385 688 1444 ducit.
732 1385 882 1455 Quicum
901 1405 934 1445 se
954 1404 1073 1463 suaque
1092 1389 1198 1447 omnia

192 1482 227 1541 in
251 1483 403 1562 oppidum
430 1483 691 1562 Bratuspantium
719 1483 936 1559 contulissent,
965 1490 1060 1561 atque
1091 1487 1130 1545 ab
1159 1505 1196 1545 eo

188 1580 309 1659 *oppido
323 1582 438 1642 Caesar
452 1601 522 1642 cnm
537 1583 678 1643 exercitu
694 1583 820 1643 circiter
834 1583 922 1642 milia
940 1602 1089 1660 passuum
1109 1583 1196 1661 quin·
1277 1639 1280 1645 .

144 1703 169 1751 ις
192 1696 253 1754 que
267 1678 398 1753 abesset,
412 1698 519 1740 omnes
534 1680 666 1740 maiores
681 1686 759 1739 natu
773 1700 812 1740 err
826 1680 941 1757 oppido
953 1681 1070 1756 egressi
1085 1699 1194 1740 manus

192 1775 233 1834 ad
255 1775 418 1836 Caesarem
440 1778 568 1836 tendere
590 1783 622 1836 et
642 1796 717 1836 voce
739 1776 915 1853 significare
936 1785 1106 1854 coeperunt
1127 1796 1195 1836 sese

193 1870 227 1929 in
243 1872 311 1932 eius
326 1873 419 1933 fidem
434 1892 469 1933 ac
483 1879 672 1951 potestatem
684 1874 791 1932 venire
805 1893 906 1951 neque
921 1881 1030 1933 contra
1044 1875 1194 1951 populum

192 1968 475 2055 Bomannmarmis
486 1971 680 2029 contendere.
703 1971 794 2044 Item,
805 1989 874 2029 oum
886 1971 926 2030 ad
937 1970 1088 2048 oppidum
1098 1989 1196 2031 acces·
1280 2023 1286 2053 .·
1349 1960 1350 1985 ³

132 2110 142 2127 0
193 2065 288 2125 sisset
306 2073 469 2145 castraque
489 2067 534 2126 ibi
553 2073 692 2145 poneret,
710 2067 801 2144 pueri
820 2066 1029 2145 mulieresque
1049 2086 1087 2127 ex
1107 2087 1195 2127 muro

53 2190 56 2197 ¹
142 2190 171 2221 20
192 2163 294 2240 passis
308 2164 451 2223 manibus
466 2183 523 2223 suo
538 2183 622 2223 more
637 2183 742 2241 pacem
758 2165 798 2223 ab
811 2165 962 2224 Romanis
977 2163 1145 2243 petierunt.

233 2258 287 2323 14.
316 2260 379 2319 Pro
399 2260 449 2318 his
469 2260 778 2321 Divitiacus—nam
799 2266 872 2338 post
893 2262 1065 2322 discessum
1086 2262 1196 2340 Belga

192 2375 261 2415 rum
275 2356 413 2416 dimissis
430 2357 608 2416 Aeduorum
624 2359 722 2437 copiis
736 2359 777 2418 ad
793 2378 865 2418 eum
885 2360 1195 2421 reverterat-iacit

192 2453 304 2513 verba:
331 2454 514 2514 Bellovacos
535 2455 620 2513 omni
641 2461 782 2533 ternpore
803 2457 837 2514 in
858 2455 919 2515 fide
940 2463 1035 2534 atque
1055 2457 1194 2518 amicitia

192 2550 333 2610 civitatis
348 2550 476 2611 Aeduae
493 2552 607 2611 fuisse:
629 2552 782 2630 impulsos
800 2572 819 2613 a
836 2554 901 2613 suis
919 2553 1123 2631 principibus,
1139 2555 1194 2632 qui

142 2673 168 2720 25
192 2647 333 2707 dicerent
343 2648 470 2708 Aeduos
485 2649 524 2708 ab
538 2650 669 2710 Caesare
683 2649 717 2708 in
731 2651 915 2709 servitutem
930 2652 1071 2710 redactos
1086 2670 1194 2710 omnes

192 2743 400 2821 indignitates
419 2745 687 2823 contumeliasque
706 2747 855 2824 perferre,
871 2753 903 2806 et
922 2748 961 2807 ab
975 2747 1095 2807 Aeduis
1112 2747 1195 2807 deie-

191 2841 272 2901 cisse
303 2848 336 2902 et
366 2843 482 2920 populo
509 2844 652 2902 Romano
680 2842 798 2903 bellum
825 2844 981 2904 intulisse.
1038 2844 1098 2915 Qui
1125 2844 1193 2904 eius

192 2938 304 2998 consili
332 2939 490 3017 principes
519 2941 666 3013 fuissent,
690 2941 774 3017 quod
797 2941 1018 3017 intellegerent
1043 2947 1193 3018 quantam

192 3035 405 3096 calamitatem
432 3037 557 3096 civitati
585 3037 777 3110 intulissent,
803 3037 837 3095 in
864 3038 1061 3097 Britanniam
1089 3039 1194 3115 profu-

5 3120 6 3165 3
40 3183 42 3188 s
141 3161 171 3208 3⁰
192 3133 283 3210 gisse.
326 3134 439 3193 Petere
459 3153 522 3193 non
544 3134 645 3193 solum
666 3133 849 3194 Bellovacos
871 3136 926 3195 sed
948 3136 1043 3194 etiam
1065 3154 1122 3212 pro
1142 3134 1193 3195 his

191 3230 319 3290 Aeduos
340 3235 377 3290 ut
399 3249 456 3290 sua
480 3231 706 3290 clementiaco
730 3233 969 3291 mansuetudine
994 3232 1103 3291 ineos
1127 3237 1195 3292 uta

189 3333 252 3388 tur.
281 3329 370 3398 Quod
384 3327 412 3387 si
427 3329 547 3404 fecerit,
557 3328 738 3386 Aeduorum
752 3329 972 3389 auctoritatem
986 3330 1071 3408 apud
1085 3347 1193 3389 omnes
