2710 3750
604 132 703 182 BOOK
724 132 763 180 11.

246 334 278 394 A
298 337 388 395 broce
408 336 485 395 dost
498 336 556 411 sor
569 335 717 410 freedom,
740 335 792 394 but
812 352 833 394 o
853 335 969 393 remidio
984 335 1060 410 fate.

196 454 253 521 33.
277 456 341 516 Sub
356 475 521 533 vesperum
540 456 655 517 Caesar
669 461 776 535 portas
795 455 900 516 claudi
917 454 1097 534 militesque
1117 475 1157 516 ex

155 552 270 632 oppido
297 558 381 612 exire
409 552 510 613 iussit.
554 552 714 630 Oppidani
742 552 874 613 consilio
902 559 976 613 ante
1004 552 1094 629 inito,
1119 559 1156 613 ut

154 650 352 710 intellectum
376 657 433 724 est,
456 650 540 727 quod
564 649 724 711 deditione
748 650 834 709 fecta
854 656 978 710 nostros
999 649 1158 728 praesidia

155 746 342 807 deducturos
362 752 418 806 aut
439 746 573 825 denique
591 746 811 824 indiligentius
827 752 1006 807 servituros
1021 747 1157 807 credide·

155 849 236 917 rant,
252 843 348 903 tertis
361 842 479 920 vigilie,
495 863 558 921 que
572 844 701 903 minime
716 844 832 903 arduus
853 843 894 904 ad
913 849 1037 904 nostras
1059 850 1156 904 mimi-
1178 861 1193 907 5

154 940 258 1000 tiones
279 946 424 1000 ascensus
446 940 621 1016 videbitur,
644 941 788 1000 omnibus
809 940 909 1019 copiis
929 947 1093 1019 repentino
1116 960 1156 1002 ex

155 1037 271 1115 oppido
293 1037 490 1115 eruptionem
510 1037 662 1098 fecerunt.
705 1037 867 1113 Celeriter,
888 1042 925 1097 ut
946 1039 1157 1100 antecessor

155 1133 333 1211 impertiret,
357 1134 482 1211 ignibus
507 1134 737 1211 sIgnifiostione
761 1134 848 1195 facta
872 1153 912 1195 ex
935 1135 1088 1212 proximis
1110 1154 1157 1196 ce

156 1230 258 1290 stellis
284 1249 319 1290 eo
341 1249 525 1291 concursum
546 1236 603 1291 est.
646 1231 698 1291 ibi
718 1237 893 1309 pugnetum
911 1236 961 1292 est
982 1230 1096 1292 ecriter
1117 1233 1157 1293 ab

155 1328 300 1388 hostibus
322 1326 357 1387 in
379 1334 520 1389 extrema
541 1347 597 1406 spe
620 1328 732 1388 salutis
755 1328 864 1406 iniquo
882 1328 961 1403 loco,
974 1334 1084 1389 contra
1103 1347 1155 1390 eos
1180 1358 1209 1391 10

155 1424 211 1503 qui
225 1444 264 1485 ex
278 1426 362 1485 villo
377 1424 579 1504 turribusque
593 1426 658 1486 tela
672 1425 818 1500 iacerent,
831 1443 902 1484 cum
916 1425 950 1485 in
965 1433 1028 1485 uina
1037 1426 1156 1487 virtute

155 1521 257 1581 omnis
286 1541 357 1600 spes
385 1521 497 1582 salutis
525 1522 721 1583 consisteret.
779 1521 897 1582 Occisis
925 1523 966 1581 ad
993 1522 1157 1585 hominum

155 1618 281 1679 milibus
293 1623 443 1696 quattuor
453 1618 567 1696 reliqui
582 1618 615 1677 in
630 1619 780 1697 oppidum
796 1618 907 1681 reiecti
921 1625 1005 1679 sunt.
1041 1621 1158 1680 Postri-

155 1714 206 1774 die
228 1715 294 1775 eius
314 1715 377 1775 diei
396 1715 541 1775 refrictis
557 1716 665 1793 portis,
680 1735 751 1775 cum
772 1716 837 1775 iam
858 1716 1041 1776 defenderet
1055 1723 1155 1790 nemo,

154 1818 249 1889 atque
266 1812 455 1873 intromissis
471 1812 623 1872 militibus
638 1812 755 1872 nostris
770 1811 942 1872 sectionem
960 1813 1027 1873 eius
1046 1813 1154 1892 oppidi
1181 1833 1208 1880 15

154 1908 331 1969 imiversam
347 1910 461 1971 Caesar
475 1909 627 1969 vendidit.
670 1910 721 1968 Ab
736 1909 776 1968 iis
792 1908 846 1986 qui
861 1915 1003 1970 emerent
1018 1910 1156 1987 capitum

155 2024 302 2066 numerus
317 2007 357 2066 ad
371 2026 442 2066 eum
457 2006 575 2066 celitus
590 2011 639 2066 est
654 2006 776 2066 milium
791 2006 1022 2084 quinquiginta
1034 2006 1143 2067 trium.

235 2122 386 2181 ratonem,
394 2122 536 2183 perspicio,
550 2119 590 2171 32.
705 2122 834 2180 eruptio,
849 2120 1028 2180 oculoque.
1193 2098 1196 2101 ’

235 2204 373 2263 dentque,
387 2204 489 2253 saltem.
705 2205 895 2264 sigulfioitlm
909 2204 1025 2266 siquem.

235 2285 438 2345 indiligenter,
452 2286 625 2347 ceolepenter.
702 2288 836 2346 iniquus,
848 2287 1039 2336 incommodus.

236 2368 359 2424 arduus,
373 2365 496 2426 dffllcilis.
704 2369 870 2427 universus,
885 2368 965 2418 titus.

235 2449 419 2508 repentinus,
430 2449 542 2499 subdus.
704 2451 810 2510 refero,
823 2450 955 2501 condutio.

227 2592 281 2652 All
301 2594 348 2653 tlt-e
367 2580 520 2653 maritime
540 2597 663 2654 motloos
683 2596 794 2654 submit
814 2604 843 2655 to
864 2596 912 2655 tbe
932 2596 1081 2658 Romans.

194 2713 252 2780 34.
274 2715 394 2775 Eodem
416 2720 556 2793 tempore
579 2735 598 2775 a
619 2716 654 2775 P.
679 2716 800 2791 Oruss0,
824 2735 916 2794 quem
939 2736 1010 2777 cum
1032 2718 1156 2795 legione

153 2818 215 2871 dne
235 2817 362 2872 miserat
383 2813 423 2872 ad
443 2812 591 2887 Venetos,
612 2813 755 2888 Unellos,
772 2813 921 2888 Osismos,
937 2814 1154 2892 Curiosolitas,

152 2908 296 2983 Esuvi0s‚
318 2909 479 2983 Aulercos,
503 2910 657 2984 Redones,
680 2928 759 2987 quae
784 2916 859 2970 sunt
883 2911 1060 2972 maritimae
1084 2913 1156 2972 civi-

152 3009 235 3064 tr'rtcs
251 2993 470 3083 Oceanumque
484 3006 655 3083 attingunt,
668 3006 783 3067 certior
797 3008 901 3068 factus
916 3013 965 3068 est
980 3028 1087 3069 omnes
1103 3028 1155 3070 eas

152 3100 297 3161 civitates
318 3101 353 3160 in
373 3101 528 3162 dicionem
544 3108 797 3181 potestatemque
811 3104 921 3183 populi
935 3105 1072 3165 Remini
1086 3124 1154 3168 esse
1176 3125 1192 3171 5

152 3197 303 3258 reductas.
825 3276 828 3282 Ι

234 3313 365 3373 attingo,
377 3319 467 3376 tenuo.
543 3315 632 3375 dicto,
645 3315 793 3378 imperium.
868 3317 983 3378 redigo,
991 3317 1072 3380 pdoo.
