2710 3750
609 170 719 217 cisun
741 170 781 216 11.
1174 151 1214 215 ‘29

165 338 318 417 pinquare
335 342 552 417 cognoverant.
595 337 657 398 His
678 337 860 415 persuaderi
876 341 913 397 ut
929 335 1050 397 diutius
1068 354 1166 396 more

165 442 274 496 rentur
288 455 389 513 neque
404 436 469 496 suis
484 434 636 495 auxilium
651 435 772 494 ferrent
786 453 849 493 non
863 438 995 512 poterat.

206 531 255 597 ll.
284 534 332 592 Ea
347 552 379 592 re
397 533 578 607 constituta,
594 532 731 592 secunda
744 531 856 608 vigilia
872 550 984 608 magno
1002 550 1073 590 cum
1090 535 1167 590 stre·

166 630 236 707 pitu
250 648 285 689 ac
300 629 440 689 tumultu
456 628 568 689 castris
585 628 712 706 egressi,
727 628 816 688 nullo
832 633 918 688 certo
935 628 1044 687 ordine
1065 646 1166 704 neque

141 753 143 755 ·
165 726 306 804 imperio,
320 746 390 786 cum
407 726 470 786 sibi
486 725 620 804 quisque
637 726 774 804 primum
791 725 914 785 itineris
928 725 1032 784 locum
1046 731 1166 802 peteret
1192 752 1203 801 ς

166 830 199 884 et
221 825 349 884 domum
372 824 536 901 pervenire
561 828 750 901 properaret,
772 823 916 883 fecerunt
936 827 974 882 ut
994 821 1167 882 consimilis

167 923 260 998 fugae
284 921 438 998 profectio
463 921 631 981 videretur.
682 921 752 980 Hac
780 939 813 979 re
838 920 948 980 statim
973 920 1087 981 Caesar
1111 938 1167 996 per

167 1017 378 1096 speculatores
400 1016 525 1094 cognita
541 1017 673 1077 insidias
688 1018 818 1093 veritus,
834 1017 918 1094 quod
937 1035 1000 1094 qua
1017 1017 1056 1075 de
1075 1035 1169 1077 causa

167 1115 363 1175 discederent
387 1114 526 1174 nondum
548 1121 760 1192 perspexerat,
783 1114 955 1174 exercitum
981 1113 1168 1190 equitatum·

168 1231 228 1290 que
247 1211 358 1272 castris
377 1211 542 1272 continuit.
584 1212 692 1272 Prima
711 1212 780 1272 luce
801 1211 985 1272 confirmata
1005 1232 1038 1271 re
1059 1213 1099 1271 ab
1119 1231 1169 1272 ex·
1192 1240 1219 1272 ιο

167 1308 377 1388 ploratoribus
401 1327 526 1367 ornnem
550 1309 727 1386 equitatum
748 1309 803 1386 qui
825 1308 1033 1368 novissimum
1057 1327 1169 1385 agmen

167 1411 340 1466 moraretur
354 1406 526 1484 praemisit.
555 1406 618 1464 His
632 1406 667 1476 Q.
679 1406 813 1466 Pedium
827 1414 860 1466 et
874 1406 909 1465 L.
921 1405 1170 1465 Aurunculeium

168 1504 291 1565 Cottam
306 1500 426 1579 legatos
441 1503 608 1582 praefecit3
628 1504 664 1561 T.
674 1503 848 1563 Labienum
859 1502 998 1580 legatum
1011 1522 1083 1564 cum
1096 1502 1170 1581 iegi-

74 1615 76 1619 ·
167 1600 279 1660 onibus
298 1599 400 1659 tribus
421 1600 571 1678 subsequi
591 1599 693 1660 iussit.
736 1600 781 1659 Hi
802 1601 991 1661 novissimos
1012 1601 1115 1661 adorti
1136 1606 1169 1662 et

168 1698 269 1757 multa
292 1696 382 1756 milia
405 1715 556 1774 passuum
579 1697 738 1775 prosecuti
762 1717 905 1775 magnam
931 1698 1167 1758 multitudinem
1193 1724 1218 1772 15

168 1814 273 1854 eorum
294 1793 484 1870 fugientium
505 1794 717 1869 conciderunt,
732 1815 802 1855 cum
824 1797 864 1856 ab
884 1802 1025 1855 extremo
1045 1795 1168 1872 agmine

168 1892 208 1952 ad
229 1910 306 1969 quos
327 1897 458 1951 ventum
480 1898 548 1952 erat
569 1891 777 1952 consisterent
801 1893 990 1970 fortiterque
1015 1893 1168 1970 impetum

168 1994 345 2048 nostrorum
369 1988 506 2048 militum
528 1987 721 2048 sustinerent
729 2011 737 2064 ;
762 1990 891 2066 priores,
914 1991 997 2068 quod
1022 1991 1130 2049 abesse
1151 2009 1170 2049 a

168 2085 307 2163 periculo
321 2084 503 2145 viderentur
518 2103 619 2162 neque
634 2085 700 2145 ulla
714 2087 901 2146 necessitate
920 2106 1020 2164 neque
1039 2087 1169 2164 imperio

168 2183 412 2255 continerentur,
440 2182 589 2241 exaudito
617 2183 751 2242 clamore
782 2184 975 2260 perturbatis
1007 2184 1168 2244 ordinibus
1191 2212 1220 2243 20

169 2297 276 2339 omnes
296 2279 330 2337 iu
349 2279 425 2353 fuga
445 2277 507 2337 sibi
527 2279 719 2356 praesidium
740 2286 899 2356 ponerent.
943 2281 995 2340 Ita
1015 2281 1082 2339 sine
1103 2281 1169 2340 ullo

169 2375 308 2454 periculo
336 2380 457 2433 tantam
485 2393 592 2433 eorum
619 2376 855 2435 multitudinem
883 2376 984 2436 nostri
1009 2377 1171 2437 interiece-

168 2478 244 2532 ruut
265 2478 418 2550 quantum
442 2471 506 2530 fuit
530 2471 593 2531 diei
619 2473 766 2549 spatium,
788 2474 847 2532 snb
867 2492 1070 2551 occasumque
1093 2474 1169 2534 solis

169 2569 369 2644 destiterunt,
395 2587 490 2646 seque
514 2569 548 2628 in
572 2574 683 2644 castra,
709 2576 745 2628 ut
773 2576 841 2630 erat
869 2570 1067 2648 imperatum,
1090 2590 1170 2631 rece-

167 2672 291 2748 petunt.
1191 2697 1218 2744 ²5

209 2762 263 2830 12.
292 2762 450 2823 Postridie
471 2763 538 2823 eius
563 2762 627 2822 diei
651 2763 773 2839 Caesar,
796 2764 980 2842 priusquam
1004 2783 1037 2824 se
1061 2765 1169 2825 hostes

168 2881 207 2922 ex
228 2868 347 2921 terrore
368 2879 403 2920 ac
424 2860 501 2937 fuga
521 2860 705 2938 reciperent,
725 2860 759 2918 in
779 2859 857 2920 fines
880 2861 1091 2935 Suessionum,
1114 2862 1170 2940 qui

168 2958 304 3037 proximi
322 2958 431 3017 Remis
451 2962 548 3032 erant,
564 2956 736 3017 exercitum
758 2957 850 3017 duxit
870 2964 903 3017 et
925 2976 1036 3033 magno
1056 2959 1169 3018 itinere

168 3056 310 3116 confecto
337 3055 377 3115 ad
405 3054 555 3131 oppidum
584 3054 809 3113 Noviodunum
838 3055 1008 3115 contendit.
1062 3056 1102 3116 Id
1130 3075 1170 3115 ex

168 3153 280 3212 itinere
295 3169 474 3228 oppugnare
493 3156 632 3225 conatus,
649 3152 732 3228 quod
745 3170 879 3211 vacuum
895 3153 935 3212 ab
951 3153 1169 3213 defensoribus
1191 3182 1220 3228 30

168 3267 236 3309 esse
257 3248 412 3323 audiebat,
434 3252 563 3326 propter
584 3247 786 3308 latitudinem
807 3248 910 3309 fossae
933 3248 1077 3327 murique
1100 3249 1170 3309 alti-

167 3345 309 3406 tudinem
340 3344 448 3424 paucis
478 3344 722 3405 defendentibus
753 3364 932 3425 expugnare
962 3365 1027 3407 nou
1053 3347 1167 3425 potuit.
