2710 3750
160 101 201 165 38
524 122 555 168 c.
580 120 658 168 rum
680 119 857 169 cursurus

209 284 406 363 impeditum,
421 288 515 346 victis
531 288 613 347 nihil
626 293 732 347 tutum
747 287 984 362 arbitrarentur,
1000 288 1139 346 omnium
1157 286 1214 365 qni

209 389 393 460 supererant
407 403 561 444 consensu
575 385 696 461 legatos
712 385 752 444 ad
766 385 932 451 Caesarem
947 385 1102 444 miserunt
1116 402 1213 462 seque

209 479 239 538 ei
257 480 462 557 dediderunt;
484 486 517 540 et
537 481 572 539 in
593 482 864 541 commemoranda
877 481 1018 541 civitatis
1033 481 1213 541 calamitate

209 595 249 635 ex
270 578 427 637 sexcentis
449 579 489 637 ad
509 584 573 637 tres
592 584 761 653 senatorer,
783 597 821 637 ex
841 577 1004 637 hominum
1024 577 1151 637 milibus
1168 596 1214 637 ux

174 695 186 744 ς
210 673 265 732 vix
286 674 326 733 ad
347 675 536 752 quingentos
558 675 612 753 qui
634 694 721 735 arma
741 676 823 734 ferre
842 679 973 754 possent
987 694 1055 734 sese
1069 675 1212 735 redactos
1343 656 1345 687 ¹

209 789 278 830 esse
293 771 447 832 dixerunt.
490 772 573 843 Quos
592 772 714 848 Caesar,
730 778 767 832 ut
789 772 823 831 iu
843 772 974 832 miseros
995 791 1031 832 ac
1053 771 1212 850 supplices

209 886 285 927 usus
313 868 526 928 misericordia
549 868 718 943 videretur,
744 869 988 946 diligentissime
1013 869 1212 929 conservarit

210 966 338 1043 suisque
359 966 474 1025 finibus
496 972 591 1043 atquc
611 966 736 1045 oppidis
757 966 807 1026 uti
828 967 931 1041 iussit,
946 974 980 1027 et
998 964 1143 1025 finitimis
1157 965 1213 1024 im·

209 1063 334 1140 peravit
348 1069 384 1122 ut
399 1065 438 1123 ab
452 1063 569 1123 iniuria
583 1068 615 1123 et
629 1063 782 1123 maleficio
799 1083 832 1124 se
850 1082 985 1141 suosque
999 1062 1210 1142 prohiberent.

161 1179 188 1209 10
251 1159 308 1225 29.
338 1160 506 1233 Aduatuci,
522 1159 687 1237 dequibus
703 1179 799 1239 supra
815 1160 1007 1238 scripsimus
1023 1179 1094 1220 cum
1114 1160 1213 1218 omni·

210 1257 267 1316 bus
289 1257 388 1334 copiis
409 1257 527 1316 auxilio
549 1257 677 1317 Nerviis
692 1258 846 1333 venirent,
862 1258 921 1318 hac
941 1277 1047 1335 pugna
1065 1258 1213 1317 nuntiata

209 1372 249 1412 ex
269 1353 383 1413 itinere
404 1354 531 1413 domurn
546 1361 762 1431 reverterunt,
784 1355 906 1416 cunctis
921 1355 1046 1433 oppidis
1061 1354 1212 1414 castellis-

210 1470 270 1529 que
285 1449 418 1510 desertis
440 1470 498 1511 sua
517 1451 623 1511 omnia
636 1451 670 1510 in
684 1472 781 1511 unum
796 1453 947 1530 oppidum
960 1451 1083 1529 egregie
1097 1457 1212 1511 natura

210 1548 367 1607 munitum
381 1549 589 1608 contulerunt.
628 1549 717 1620 Quod
731 1568 802 1609 cum
816 1568 855 1609 ex
870 1549 1014 1608 omnibus
1029 1549 1061 1607 in
1076 1548 1210 1608 circuitu

161 1667 185 1715 ¹5
209 1646 351 1723 partibus
373 1646 544 1706 altissimas
566 1666 660 1724 rupes
681 1647 909 1724 despectusque
930 1645 1069 1721 haberet,
1087 1665 1150 1705 uua
1170 1665 1211 1705 ex

208 1749 298 1820 parte
312 1742 428 1802 leniter
442 1742 574 1802 adclivis
590 1744 694 1803 aditus
714 1744 748 1802 in
767 1744 969 1803 latitudinem
989 1762 1053 1802 non
1074 1743 1209 1820 amplius

209 1840 412 1899 ducentorum
434 1840 548 1917 pedum
571 1840 823 1918 relinquebatur;
852 1860 945 1918 quem
966 1840 1069 1900 locum
1090 1840 1210 1918 duplici

208 1937 363 1996 altissimo
384 1956 474 1995 muro
495 1936 683 2011 munierant,
701 1942 770 1996 tum
791 1938 896 2014 magni
916 1938 1063 2015 ponderis
1083 1957 1159 1997 saxa
1177 1943 1209 1997 et

208 2039 390 2111 praeacutas
413 2034 517 2093 trabes
540 2033 573 2092 in
594 2053 683 2093 muro
708 2035 920 2094 conlocabant.
964 2035 1032 2113 Ipsi
1056 2041 1146 2095 erant
1170 2053 1210 2095 ex

157 2159 186 2189 ιο
209 2129 342 2191 Cimbris
364 2131 579 2208 Teutonisque
600 2132 755 2208 prognati,
776 2131 840 2209 qui,
858 2151 929 2191 cum
951 2131 1012 2191 iter
1033 2132 1065 2191 in
1087 2132 1211 2210 provin·

207 2227 287 2287 ciam
308 2233 448 2286 nostram
469 2233 564 2305 atque
586 2228 713 2288 ltaliam
737 2228 887 2304 facerent,
902 2229 943 2289 iis
965 2229 1208 2308 impedimentis,

207 2343 287 2402 quae
308 2343 412 2383 secum
435 2343 525 2400 agere
547 2343 583 2384 ac
604 2331 729 2403 portare
743 2345 807 2385 non
820 2332 975 2404 poterant,
991 2327 1072 2387 citra
1091 2327 1210 2387 flumen
1254 2317 1265 2330 ⁸

206 2420 354 2480 Rhenum
368 2421 520 2499 depositis
538 2423 714 2482 custodiam
735 2441 774 2481 ex
796 2424 861 2483 suis
883 2442 919 2483 ac
940 2425 1132 2501 praesidium
1153 2444 1210 2484 sex

206 2517 296 2576 milia
309 2517 470 2576 hominum
491 2537 554 2577 uua
573 2518 776 2595 reliquerunt.
819 2520 866 2578 Hi
880 2526 952 2597 post
966 2539 1072 2579 eorum
1087 2521 1208 2579 obitum

155 2637 182 2685 25
206 2614 321 2673 multos
350 2634 447 2673 annos
476 2634 495 2674 a
522 2615 666 2674 finitimis
694 2617 856 2691 exagitati,
885 2636 954 2675 cum
983 2615 1062 2674 alias
1090 2615 1207 2673 bellum

206 2711 370 2785 inferrent,
399 2711 478 2770 alias
510 2711 645 2769 inlatum
662 2713 888 2786 defenderent,
918 2731 1071 2770 consensu
1099 2730 1206 2769 eorum

205 2809 343 2869 omnium
360 2828 434 2886 pace
450 2809 535 2867 facta
549 2808 631 2867 hunc
647 2809 708 2867 sibi
722 2809 881 2868 domicilio
896 2809 999 2867 locum
1014 2807 1205 2884 delegerunt.

246 2906 303 2972 30.
333 2907 381 2965 Ac
409 2906 509 2983 primo
537 2905 676 2965 adventu
704 2905 860 2965 exercitus
889 2905 989 2965 nostri
1017 2907 1140 2965 crebras
1168 2925 1208 2965 ex

205 3005 320 3093 oppido
345 3002 544 3062 excursiones
568 3001 727 3063 faciebant
751 3004 955 3081 parvulisque
980 3004 1107 3081 proeliis
1136 3022 1206 3063 cum

154 3125 182 3170 30
205 3100 321 3161 nostris
336 3100 581 3176 contendebant3
604 3107 713 3178 postea
726 3101 810 3160 vallo
825 3102 939 3179 pedum
955 3120 1008 3160 ΧΠ
1026 3100 1058 3160 in
1073 3101 1207 3161 circuitu

204 3217 249 3257 xv
268 3197 391 3256 milium
411 3197 589 3274 crebrisque
607 3199 746 3258 castellis
761 3199 994 3259 circummuniti
1009 3199 1124 3277 oppido
1139 3217 1207 3258 sese

204 3293 414 3354 continebant.
458 3293 524 3355 Ubi
545 3294 647 3354 vineis
669 3296 748 3355 actis
770 3314 881 3372 aggere
907 3301 1068 3357 exstructo
1093 3296 1205 3356 turrim
