2710 3750
592 126 701 173 niusa
724 128 763 174 11.
1020 148 1036 171 ι
1158 113 1199 179 25

143 297 314 353 sumerent.
350 292 397 352 De
412 312 541 352 numero
556 313 661 353 eorum
683 294 788 355 omnia
806 315 839 355 se
858 296 972 358 habere
986 298 1150 375 explorata

143 389 239 448 Remi
260 386 414 473 dicebant,
437 396 603 467 propterea
623 391 707 468 quod
728 392 1019 472 propinquitatibus
1041 393 1149 453 adfini·

142 486 326 563 tutibusque
345 486 513 561 coniuncti,
533 493 683 565 quantam
704 487 836 565 quisque
852 489 1095 550 multitudinem
1116 491 1149 550 in

89 568 97 573 ⁰
143 583 302 643 communi
322 582 490 659 Belgarum
512 584 643 643 concilio
664 584 704 643 ad
726 584 759 644 id
780 585 897 645 bellum
921 586 1081 664 pollicitus
1106 589 1148 649 sit

143 679 356 757 cognoverint.
396 679 571 738 Plurimum
593 681 677 740 inter
698 700 750 741 eos
771 682 954 744 Bellovacos
977 692 1009 745 et
1028 687 1146 747 virtute
1172 715 1183 763 ς

143 786 178 839 et
192 780 377 840 auctoritate
392 785 424 838 et
439 778 601 838 hominum
615 796 744 840 numero
759 781 880 841 valere:
902 781 959 842 hos
974 802 1065 863 posse
1080 803 1149 844 oon-

143 878 237 938 ficere
252 884 372 938 armata
385 877 474 936 milia
484 885 618 952 centnm,
631 877 789 956 pollicitos
805 899 843 938 ex
857 898 894 939 eo
905 900 1034 940 numero
1048 881 1149 941 electa

145 977 317 1054 sexaginta,
333 976 493 1053 totiusque
508 975 585 1035 belli
599 975 766 1054 imperium
781 976 842 1036 sibi
857 979 1025 1055 postulare.
1059 979 1148 1038 Sues-

144 1076 249 1136 siones
277 1094 350 1138 suos
378 1093 446 1134 esse
475 1073 645 1133 finitimos:
678 1073 849 1133 latissimos
874 1075 1147 1153 feracissimosque

144 1192 235 1250 agros
255 1174 423 1252 possidere.
466 1171 562 1250 Apud
587 1190 639 1231 eos
664 1171 763 1231 luisse
789 1191 893 1248 regem
917 1178 1025 1232 nostra
1049 1173 1144 1233 etiam
1171 1202 1198 1233 ιο

144 1271 296 1330 memoria
316 1270 518 1342 Divitiacum,
539 1269 638 1328 totius
662 1268 784 1329 Galliae
806 1270 1070 1346 potentissimum,
1091 1270 1146 1347 qui

144 1386 215 1426 cum
234 1386 364 1445 magnae
383 1367 483 1460 partis
504 1367 613 1425 harum
633 1367 794 1443 regionum
820 1373 888 1425 tum
908 1366 1002 1425 etiam
1024 1368 1147 1427 Britan-

145 1464 215 1524 niae
230 1464 396 1542 imperium
411 1463 599 1523 obtinuerit:
623 1483 704 1524 nunc
724 1482 791 1523 esse
812 1483 916 1540 regem
934 1465 1084 1540 Galbam3
1106 1466 1147 1525 ad
1162 1530 1165 1551 μ

145 1561 228 1621 hunc
245 1568 372 1639 propter
388 1560 543 1619 iustitiam
563 1561 825 1638 prudentiamque
844 1579 932 1620 suam
951 1561 1050 1620 totius
1069 1561 1146 1621 belli

145 1677 298 1718 summam
320 1657 459 1717 omnium
479 1658 641 1717 voluntate
662 1657 796 1717 deferri:
822 1658 938 1736 oppida
958 1658 1071 1718 habere
1092 1678 1146 1718 nu·
1170 1686 1195 1735 ¹5

145 1774 230 1815 mero
252 1775 312 1829 x11,
328 1754 471 1832 polliceri
492 1755 580 1815 milia
601 1761 722 1814 armata
742 1754 987 1833 quinquaginta;
1011 1756 1145 1815 totidem

145 1853 289 1926 Nervios
308 1853 363 1930 qui
384 1851 518 1911 maxime
541 1852 601 1911 ieri
623 1852 707 1911 inter
726 1851 810 1930 ipsos
832 1852 1147 1931 habea1itur‚longis·

145 1950 285 2028 simeque
311 1950 432 2024 absint3
461 1949 639 2027 quindecim
664 1949 753 2009 milia
773 1950 950 2025 Atrebates
972 1951 1145 2011 Ambianos

145 2048 252 2107 decem
275 2047 372 2123 milia,
398 2047 537 2106 Morinos
566 2065 637 2106 xxv
662 2047 759 2121 milia,
778 2046 942 2124 Menapios
965 2065 1018 2106 vu
1042 2043 1145 2126 milia3

146 2145 271 2206 Caletos
295 2164 318 2203 x
343 2144 448 2220 milia3
477 2143 660 2205 Vslocasses
683 2151 715 2204 et
736 2143 971 2205 Veromanduos
993 2145 1143 2222 totidem;
1168 2174 1198 2206 20

92 2276 94 2279 ·
146 2243 327 2302 Aduatucos
343 2242 448 2301 decem
466 2246 499 2300 et
515 2260 628 2300 novem
642 2240 749 2316 milia3
771 2241 958 2315 Condrusos,
973 2241 1144 2316 Eburones,

146 2340 322 2412 Caeroesos,
337 2339 519 2411 PaemanoS,
536 2336 591 2415 qui
604 2356 666 2397 nno
680 2337 804 2397 nomine
824 2337 973 2398 Germani
990 2337 1148 2417 appellan-

146 2443 207 2511 tur,
223 2435 369 2494 arbitrari
383 2435 424 2494 ad
437 2453 481 2493 xn
495 2435 592 2494 milia

187 2532 221 2598 ὅ.
253 2532 366 2593 Caesar
391 2532 506 2591 Remos
534 2531 715 2591 cohortatus
743 2530 978 2609 liberaliterque
1007 2532 1147 2592 oratione

147 2636 329 2709 prosecutus
349 2648 472 2687 omnem
492 2634 635 2688 senatum
655 2629 694 2687 ad
716 2647 748 2687 se
771 2629 937 2687 convenire
960 2629 1149 2706 principum·
1170 2656 1197 2705 25

147 2747 206 2806 que
221 2727 335 2786 liberos
350 2725 474 2786 obsides
489 2726 530 2785 ad
548 2745 581 2785 se
600 2725 714 2786 adduci
733 2725 835 2783 iussit.
879 2725 962 2795 Quae
984 2726 1089 2785 onmia
1109 2727 1148 2787 ab

70 2874 75 2883 .
147 2824 196 2884 his
224 2823 393 2900 diligenter
420 2823 460 2883 ad
488 2823 572 2882 diem
600 2823 684 2882 facta
712 2828 798 2882 suut.
852 2822 926 2900 Ipse
954 2822 1147 2883 Divitiacum

84 2911 87 2915 ⁷
148 2923 290 2982 Aedunm
309 2939 422 2997 magno
439 2940 533 2998 opere
551 2921 730 2982 cohortatus
748 2921 838 2980 docet
854 2926 971 2997 quanto
991 2939 1083 2998 opere
1103 2921 1148 2980 rei

148 3006 288 3099 publicae
313 3019 550 3098 communisque
574 3020 686 3080 salutis
713 3019 840 3079 intersit
869 3038 979 3078 manus
1008 3018 1147 3077 hostium

149 3118 358 3193 distinctius
378 3137 448 3177 cum
467 3123 557 3178 tanta
577 3116 780 3177 multitudine
800 3137 862 3176 uno
882 3122 1022 3194 tempore
1045 3115 1148 3174 confli-
1171 3145 1200 3191 30

149 3216 282 3294 gendum
296 3214 348 3275 sit.
384 3216 423 3275 Id
437 3215 506 3275 fieri
521 3234 620 3294 posse,
636 3215 664 3275 si
681 3232 753 3274 snas
773 3213 878 3291 copias
894 3213 996 3273 Aedui
1017 3213 1051 3272 in
1069 3212 1148 3274 fines

149 3312 383 3373 Bellovacorum
398 3312 631 3373 introduxerint
645 3318 677 3371 et
692 3330 799 3371 eorum
814 3317 905 3387 agros
919 3310 1064 3388 populari
1084 3329 1149 3370 coe·
